@article{Adachi2006,
author = {Adachi, Isao and Miyakoshi, Ryo and Yokoyama, Akihiro and Yokozawa, Tsutomu},
doi = {10.1021/ma061809k},
file = {:home/ilario/Desktop/tesi5-2/articoli/monomero/ossigeno.pdf:pdf},
issn = {0024-9297},
journal = {Macromolecules},
keywords = {bib-tesi,catena laterale,monomeri,pt,pt ch2o,pt ossigeno},
mendeley-tags = {bib-tesi,catena laterale,monomeri,pt,pt ch2o,pt ossigeno},
month = nov,
number = {23},
pages = {7793--7795},
title = {{Synthesis of Well-Defined Polythiophene with Oxyethylene Side Chain: Effect of Phosphine Ligands on Catalyst-Transfer Polycondensation}},
url = {http://pubs.acs.org/doi/pdf/10.1021/ma061809k http://pubs.acs.org/doi/abs/10.1021/ma061809k},
volume = {39},
year = {2006}
}
@article{Adachi2011,
author = {Adachi, Takuji and Brazard, Johanna and Ono, Robert J. and Hanson, Benjamin and Traub, Matthew C. and Wu, Zong-Quan and Li, Zicheng and Bolinger, Joshua C. and Ganesan, Venkat and Bielawski, Christopher W. and {Vanden Bout}, David a. and Barbara, Paul F.},
doi = {10.1021/jz200546x},
file = {:home/ilario/Desktop/tesi5-2/articoli/regioregolarita-morfologia.pdf:pdf},
issn = {1948-7185},
journal = {The Journal of Physical Chemistry Letters},
keywords = {bib-tesi,pt,regioregolarita},
mendeley-tags = {bib-tesi,pt,regioregolarita},
month = jun,
number = {12},
pages = {1400--1404},
title = {{Regioregularity and Single Polythiophene Chain Conformation}},
url = {http://pubs.acs.org/doi/abs/10.1021/jz200546x},
volume = {2},
year = {2011}
}
@article{Andreani1998,
author = {Andreani, Franco and Angiolini, Luigi and Caretta, Daniele and Salatelli, Elisabetta},
doi = {10.1039/a801593g},
file = {:home/ilario/.local/share/data/Mendeley Ltd./Mendeley Desktop/Downloaded/Andreani et al. - 1998 - Synthesis and polymerization of 3,3″-di(S)-()-2-methylbutyl-2,2′5′,2″-terthiophene a new monomer precur.pdf:pdf},
issn = {09599428},
journal = {Journal of Materials Chemistry},
keywords = {bib-tesi,chirale,fecl3,pt},
mendeley-tags = {bib-tesi,chirale,fecl3,pt},
number = {5},
pages = {1109--1111},
publisher = {The Royal Society of Chemistry},
title = {{Synthesis and polymerization of 3,3"-di[(S)-(+)-2-methylbutyl]-2,2':5',2"-terthiophene: a new monomer precursor to chiral regioregular poly(thiophene)}},
url = {http://pubs.rsc.org/en/content/articlepdf/1998/jm/a801593g http://xlink.rsc.org/?DOI=a801593g},
volume = {8},
year = {1998}
}
@article{Babudri2006,
author = {Babudri, Francesco and Colangiuli, Donato and {Di Bari}, Lorenzo and Farinola, Gianluca M. and {Hassan Omar}, Omar and Naso, Francesco and Pescitelli, Gennaro},
doi = {10.1021/ma060764k},
file = {:home/ilario/Desktop/tesi5-2/articoli/ldb-ppe-chirale.pdf:pdf},
issn = {0024-9297},
journal = {Macromolecules},
keywords = {aggregazione,bib-tesi,chirale},
mendeley-tags = {aggregazione,bib-tesi,chirale},
month = aug,
number = {16},
pages = {5206--5212},
title = {{Synthesis and Chiroptical Characterization of an Amino Acid Functionalized Dialkoxypoly( p -phenyleneethynylene)}},
url = {http://pubs.acs.org/doi/abs/10.1021/ma060764k},
volume = {39},
year = {2006}
}
@article{Basescu1987,
abstract = {The electrical conductivity of conducting polymers results from mobile charge carriers introduced into the $\pi$-electron system through doping1,2. Because of the large infra-chain transfer integrals, the transport of charge is believed to be principally along the conjugated chains, with inter-chain hopping as a necessary secondary step. In conducting polymers, as in all metals and semiconductors, charge transport is limited by a combination of intrinsic electron–photon scattering and sample imperfection. Although relatively high conductivities ($\sigma$ ≈ 1,000 S cm−1) have been reported for partially orientated and heavily doped polyacetylene1–3, the absence of a metal-like temperature dependence implies that the observed values are not intrinsic. In doped polyacetylene, (CH)x, electrical transport can be limited both by microscopic defects (leading to scattering and localization) and by the more macroscopic complex fibrillar morphology12 and associated interfibrillar contacts. Thus, with improvements in material quality, one might anticipate corresponding improvements in the electrical conductivity. Here we report the synthesis of polyacetylene with fewer sp 3 defects than in material prepared by other methods. The higher-quality material exhibits substantially higher electrical conductivity; maximum values of >20,000 S cm−1 are obtained after doping with iodine. The conductivity has been measured as a function of temperature and pressure: at 0.48 K and 10 kbar, iodine-doped samples remain highly conducting ($\sigma$ ≈ 9,000 S cm−1).},
author = {Basescu, N. and Liu, Z. X. and Moses, D. and Heeger, A. J. and Naarmann, H. and Theophilou, N.},
file = {:home/ilario/Desktop/tesi5-2/articoli/1987conduzione-qualita.pdf:pdf},
journal = {Nature},
keywords = {bib-tesi},
mendeley-tags = {bib-tesi},
pages = {403--405},
title = {{High electrical conductivity in doped polyacetylene}},
url = {http://www.frontiermaterials.net/teaching/Handout 3 naarmann  Spr 08 web.pdf http://www.nature.com/nature/journal/v327/n6121/abs/327403a0.html},
volume = {327},
year = {1987}
}
@article{Benoit1999,
author = {Benoit, Didier and Chaplinski, Vladimir and Braslau, Rebecca and Hawker, Craig J.},
doi = {10.1021/ja984013c},
file = {:home/ilario/Desktop/tesi5-2/articoli/tipno/1999-tipno.pdf:pdf},
issn = {0002-7863},
journal = {Journal of the American Chemical Society},
keywords = {bib-tesi,living,nmrp,tipno},
mendeley-tags = {bib-tesi,living,nmrp,tipno},
month = apr,
number = {16},
pages = {3904--3920},
title = {{Development of a Universal Alkoxyamine for “Living” Free Radical Polymerizations}},
url = {http://pubs.acs.org/doi/abs/10.1021/ja984013c},
volume = {121},
year = {1999}
}
@article{Berova2007,
abstract = {This tutorial review is addressed to readers with a background in basic organic chemistry and spectroscopy, but without a specific knowledge of electronic circular dichroism. It describes the fundamental principles, instrumentation, data analysis, and different approaches for interpretation of ECD. The discussion focuses on the application of ECD, also in combination with other methods, in structural analysis of organic compounds, including host-guest complexes, and will emphasize the importance of the interplay between configurational and conformational factors. The tutorial also covers modern supramolecular aspects of ECD and recent developments in computational methods.},
author = {Berova, Nina and {Di Bari}, Lorenzo and Pescitelli, Gennaro},
doi = {10.1039/b515476f},
file = {:home/ilario/Desktop/tesi5-2/articoli/chirale/ecd-ldb.pdf:pdf},
issn = {0306-0012},
journal = {Chemical Society reviews},
keywords = {bib-tesi,chirale},
mendeley-tags = {bib-tesi,chirale},
month = jun,
number = {6},
pages = {914--31},
pmid = {17534478},
title = {{Application of electronic circular dichroism in configurational and conformational analysis of organic compounds.}},
url = {http://www.ncbi.nlm.nih.gov/pubmed/17534478 http://pubs.rsc.org/en/content/articlelanding/2007/cs/b515476f},
volume = {36},
year = {2007}
}
@article{Bidan1996,
author = {Bidan, G\'{e}rard and Guillerez, St\'{e}phane and Sorokin, Victor},
doi = {10.1002/adma.19960080213},
file = {:home/ilario/Desktop/tesi5-2/articoli/chirale/solvente-inverte-cd.pdf:pdf},
isbn = {0935964819},
issn = {0935-9648},
journal = {Advanced Materials},
keywords = {aggregazione,bib-tesi,chirale,pt},
mendeley-tags = {aggregazione,bib-tesi,chirale,pt},
month = feb,
number = {2},
pages = {157--160},
title = {{Chirality in regioregular and soluble polythiophene: An internal probe of conformational changes induced by minute solvation variation}},
url = {http://onlinelibrary.wiley.com/doi/10.1002/adma.19960080213/full http://doi.wiley.com/10.1002/adma.19960080213},
volume = {8},
year = {1996}
}
@article{Bouman1994a,
author = {Bouman, Michiel M. and Havinga, E. E. and Janssen, Ren\'{e} A. J. and Meijer, E. W.},
doi = {10.1080/10587259408039274},
file = {:home/ilario/Desktop/tesi5-2/articoli/chirale/1994-politiofenechirale.pdf:pdf},
issn = {1058-725X},
journal = {Molecular Crystals and Liquid Crystals Science and Technology. Section A. Molecular Crystals and Liquid Crystals},
keywords = {aggregazione,bib-tesi,chirale,pt,pt ossigeno},
mendeley-tags = {aggregazione,bib-tesi,chirale,pt,pt ossigeno},
month = nov,
number = {1},
pages = {439--448},
title = {{Chiroptical Properties of Regioregular Chiral Polythiophenes}},
url = {http://www.tandfonline.com/doi/abs/10.1080/10587259408039274},
volume = {256},
year = {1994}
}
@article{Bouman1994,
author = {Bouman, Michiel M. and Meijer, E. W.},
file = {:home/ilario/.local/share/data/Mendeley Ltd./Mendeley Desktop/Downloaded/Bouman, Meijer - 1994 - Induced optical activity in regioregular chiral polythiophenes.pdf:pdf},
issn = {0032-3934},
journal = {Polymer Preprints},
keywords = {aggregazione,bib-tesi,chirale,pt ossigeno},
mendeley-tags = {aggregazione,bib-tesi,chirale,pt ossigeno},
number = {1},
pages = {309},
title = {{Induced optical activity in regioregular chiral polythiophenes}},
url = {http://www.narcis.nl/publication/RecordID/oai:library.tue.nl:589047},
volume = {35},
year = {1994}
}
@article{Bouman1995,
author = {Bouman, Michiel M. and Meijer, E. W.},
doi = {10.1002/adma.19950070408},
file = {:home/ilario/Desktop/tesi5-2/articoli/chirale/cooling-rate-chirality.pdf:pdf},
issn = {0935-9648},
journal = {Advanced Materials},
keywords = {aggregazione,bib-tesi,chirale,pt,pt ossigeno},
mendeley-tags = {aggregazione,bib-tesi,chirale,pt,pt ossigeno},
month = apr,
number = {4},
pages = {385--387},
title = {{Stereomutation in optically active regioregular polythiophenes}},
url = {http://onlinelibrary.wiley.com/doi/10.1002/adma.19950070408/abstract http://doi.wiley.com/10.1002/adma.19950070408},
volume = {7},
year = {1995}
}
@article{Brabec2001,
author = {Brabec, C. J. and Cravino, A. and Meissner, D. and Sariciftci, N. S. and Fromherz, T. and Rispens, M. T. and Sanchez, L. and Hummelen, J. C.},
doi = {10.1002/1616-3028(200110)11:5<374::AID-ADFM374>3.0.CO;2-W},
file = {:home/ilario/Desktop/tesi5-2/articoli/Voc\_vs\_lumo.pdf:pdf},
issn = {1616-301X},
journal = {Advanced Functional Materials},
keywords = {bib-tesi,pcbm,pv},
mendeley-tags = {bib-tesi,pcbm,pv},
month = oct,
number = {5},
pages = {374--380},
title = {{Origin of the Open Circuit Voltage of Plastic Solar Cells}},
url = {http://doi.wiley.com/10.1002/1616-3028\%28200110\%2911\%3A5\%3C374\%3A\%3AAID-ADFM374\%3E3.0.CO\%3B2-W https://www.jku.at/JKU\_Site/JKU/ipc/content/e166717/e166894/e168414/e171286/2001-32.pdf},
volume = {11},
year = {2001}
}
@article{Bredas1999,
author = {Br\'{e}das, Jean-Luc and Cornil, J\'{e}r\^{o}me and Beljonne, David and dos Santos, Donizetti A. and Shuai, Zhigang},
doi = {10.1021/ar9800338},
file = {:home/ilario/Desktop/tesi5-2/articoli/teorico-aggregazione-ottica.pdf:pdf},
issn = {0001-4842},
journal = {Accounts of Chemical Research},
keywords = {aggregazione,bib-tesi},
mendeley-tags = {aggregazione,bib-tesi},
month = mar,
number = {3},
pages = {267--276},
title = {{Excited-State Electronic Structure of Conjugated Oligomers and Polymers: A Quantum-Chemical Approach to Optical Phenomena}},
url = {http://pubs.acs.org/doi/abs/10.1021/ar9800338},
volume = {32},
year = {1999}
}
@article{Britze2011,
annote = {Grafting from politiofene con tipno},
author = {Britze, Antje and M\"{o}llmann, Vera and Grundmeier, Guido and Luftmann, Heinrich and Kuckling, Dirk},
doi = {10.1002/macp.201000597},
file = {:home/ilario/Desktop/tesi5-2/articoli/blocchi/from-nmrp-politiofene-etinile-click-polistirene.pdf:pdf},
issn = {10221352},
journal = {Macromolecular Chemistry and Physics},
keywords = {bib-tesi,block,doc-blocchi,graft from,nmrp,p,rod coil},
mendeley-tags = {bib-tesi,block,doc-blocchi,graft from,nmrp,p,rod coil},
month = apr,
number = {7},
pages = {679--690},
title = {{Synthesis of Blockcopolymers P3HT-b-PS Using a Combination of Grignard-Metathesis and Nitroxide-Mediated Radical Polymerization}},
url = {http://doi.wiley.com/10.1002/macp.201000597},
volume = {212},
year = {2011}
}
@article{Bronstein2009,
abstract = {The ability of chemists to design and synthesize pi-conjugated organic polymers with precise control remains the key to technological breakthroughs for using polymer materials in electronic and photonic devices. In this communication, the controlled chain-growth polymerization of regioregular poly(3-hexylthiophene) (P3HT) from an external initiator using 1,3-bis(diphenylphosphino)propane (dppp) as a catalyst ligand is reported. The complexes cis-chloro(phenyl)(dppp)nickel(II) and cis-chloro(o-tolyl)(dppp)nickel(II) were synthesized and characterized by (31)P NMR spectroscopy. These complexes served as initiators in the polymerization of 2-bromo-5-chloromagnesio-3-hexylthiophene in THF at room temperature, affording fully regioregular P3HT with controlled molecular weights and narrow molecular weight distributions, as demonstrated by gel-permeation chromatography and (1)H NMR spectroscopy. MALDI-TOF mass spectrometry revealed that the polymers had almost complete incorporation of the initiating aryl group, and when the aryl group was o-tolyl, only Tol/H end groups were observed. Although external initiators have been used previously with a PPh(3) ligand, that methodology led to polymers with broad molecular weight distributions. This is the first example in which complete control over the externally initiated P3HT polymerization has been achieved.},
author = {Bronstein, Hugo A. and Luscombe, Christine K.},
doi = {10.1021/ja9054977},
file = {:home/ilario/Desktop/tesi5-2/articoli/dppp-aggiunto.pdf:pdf},
issn = {1520-5126},
journal = {Journal of the American Chemical Society},
keywords = {bib-tesi,living,pt,regioregolarita},
mendeley-tags = {bib-tesi,living,pt,regioregolarita},
month = sep,
number = {36},
pages = {12894--5},
pmid = {19737013},
title = {{Externally initiated regioregular P3HT with controlled molecular weight and narrow polydispersity.}},
url = {http://pubs.acs.org/doi/abs/10.1021/ja9054977 http://www.ncbi.nlm.nih.gov/pubmed/19737013},
volume = {131},
year = {2009}
}
@article{Brown2003,
author = {Brown, Peter and Thomas, D. and K\"{o}hler, Anna and Wilson, Joanne and Kim, Ji-Seon and Ramsdale, Catherine and Sirringhaus, Henning and Friend, Richard H.},
doi = {10.1103/PhysRevB.67.064203},
file = {:home/ilario/Desktop/tesi5-2/articoli/aggregazione-uv.pdf:pdf},
issn = {0163-1829},
journal = {Physical Review B},
keywords = {bib-tesi,pt},
mendeley-tags = {bib-tesi,pt},
month = feb,
number = {6},
pages = {064203},
title = {{Effect of interchain interactions on the absorption and emission of poly(3-hexylthiophene)}},
url = {http://link.aps.org/doi/10.1103/PhysRevB.67.064203},
volume = {67},
year = {2003}
}
@article{Bryce1987,
author = {Bryce, Martin R. and Chissel, Andr\'{e} and Kathirgamanathan, Poopathy and Parker, David and Smith, Nigel R. M.},
doi = {10.1039/c39870000466},
file = {:home/ilario/Desktop/tesi5-2/articoli/ptossigeno1987.pdf:pdf},
issn = {0022-4936},
journal = {Journal of the Chemical Society, Chemical Communications},
keywords = {bib-tesi,pt ch2o,pt ossigeno},
mendeley-tags = {bib-tesi,pt ch2o,pt ossigeno},
number = {6},
pages = {466},
title = {{Soluble, conducting polymers from 3-substituted thiophenes and pyrroles}},
url = {http://pubs.rsc.org/en/content/articlepdf/1987/c3/c39870000466 http://xlink.rsc.org/?DOI=c39870000466},
year = {1987}
}
@article{Caronna1997,
author = {Caronna, Tullio and Catellani, Marinella and Luzzati, Silvia and Meille, Stefano Valdo and Romita, Valeria},
doi = {10.1002/marc.1997.030181007},
file = {:home/ilario/Desktop/tesi5-2/articoli/pentano\_su\_film.pdf:pdf},
issn = {10221336},
journal = {Macromolecular Rapid Communications},
keywords = {aggregazione,bib-tesi},
mendeley-tags = {aggregazione,bib-tesi},
month = oct,
number = {10},
pages = {939--943},
title = {{Structural effects in poly(3-alkylthiophene)s on the exposition to poor solvent}},
url = {http://doi.wiley.com/10.1002/marc.1997.030181007 http://onlinelibrary.wiley.com/doi/10.1002/marc.1997.030181007/abstract},
volume = {18},
year = {1997}
}
@article{Chamberlain1983,
author = {Chamberlain, G. A.},
doi = {10.1016/0379-6787(83)90039-X},
file = {:home/ilario/Desktop/tesi5-2/articoli/single-layer.pdf:pdf},
issn = {03796787},
journal = {Solar Cells},
keywords = {bib-tesi,pv},
mendeley-tags = {bib-tesi,pv},
month = feb,
number = {1},
pages = {47--83},
title = {{Organic solar cells: A review}},
url = {http://linkinghub.elsevier.com/retrieve/pii/037967878390039X},
volume = {8},
year = {1983}
}
@article{Chen1993,
author = {Chen, Tian An and O'Brien, Richard A. and Rieke, Reuben D.},
doi = {10.1021/ma00065a036},
file = {:home/ilario/Desktop/tesi5-2/articoli/catenelaterali-regioselettivita1993.pdf:pdf},
isbn = {0024929719},
issn = {0024-9297},
journal = {Macromolecules},
keywords = {bib-tesi,pt,zn},
mendeley-tags = {bib-tesi,pt,zn},
month = jun,
number = {13},
pages = {3462--3463},
title = {{Use of highly reactive zinc leads to a new, facile synthesis for polyarylenes}},
url = {http://pubs.acs.org/doi/pdf/10.1021/ma00065a036},
volume = {26},
year = {1993}
}
@article{Chen1992,
author = {Chen, Tian An and Rieke, Reuben D.},
doi = {10.1021/ja00051a066},
file = {:home/ilario/Desktop/tesi5-2/articoli/polimerizzazione/pol-rieke.pdf:pdf},
issn = {0002-7863},
journal = {Journal of the American Chemical Society},
keywords = {bib-tesi,pt,regioregolarita,zn},
mendeley-tags = {bib-tesi,pt,regioregolarita,zn},
month = dec,
number = {25},
pages = {10087--10088},
title = {{The first regioregular head-to-tail poly(3-hexylthiophene-2,5-diyl) and a regiorandom isopolymer: nickel versus palladium catalysis of 2(5)-bromo-5(2)-(bromozincio)-3-hexylthiophene polymerization}},
url = {http://pubs.acs.org/doi/abs/10.1021/ja00051a066},
volume = {114},
year = {1992}
}
@article{Chen1995,
author = {Chen, Tian An and Wu, Xiaoming and Rieke, Reuben D.},
doi = {10.1021/ja00106a027},
file = {:home/ilario/Desktop/tesi5-2/articoli/polimerizzazione/regioreg1995.pdf:pdf},
issn = {0002-7863},
journal = {Journal of the American Chemical Society},
keywords = {bib-tesi,pt,regioregolarita,xrd,zn},
mendeley-tags = {bib-tesi,pt,regioregolarita,xrd,zn},
month = jan,
number = {1},
pages = {233--244},
title = {{Regiocontrolled Synthesis of Poly(3-alkylthiophenes) Mediated by Rieke Zinc: Their Characterization and Solid-State Properties}},
url = {http://pubs.acs.org/doi/pdf/10.1021/ja00106a027},
volume = {117},
year = {1995}
}
@article{conj-sint,
annote = {PMID: 19785455},
author = {Cheng, Yen-Ju and Yang, Sheng-Hsiung and Hsu, Chain-Shu},
doi = {10.1021/cr900182s},
file = {:home/ilario/Desktop/tesi5-2/articoli/review-synthesis\_of\_conjugated.pdf:pdf},
issn = {1520-6890},
journal = {Chemical reviews},
keywords = {bib-tesi},
mendeley-tags = {bib-tesi},
month = nov,
number = {11},
pages = {5868--923},
pmid = {19785455},
title = {{Synthesis of conjugated polymers for organic solar cell applications.}},
url = {http://pubs.acs.org/doi/abs/10.1021/cr900182s http://www.ncbi.nlm.nih.gov/pubmed/19785455},
volume = {109},
year = {2009}
}
@article{Choi2010,
author = {Choi, Jinwoo and Ruiz, C. R.},
doi = {10.1021/ma902136a},
file = {:home/ilario/.local/share/data/Mendeley Ltd./Mendeley Desktop/Downloaded/Choi, Ruiz - 2010 - Temperature-Induced Control of Conformation and Conjugation Length in Water-Soluble Fluorescent Polythiophenes.pdf:pdf},
issn = {0024-9297},
journal = {Macromolecules},
keywords = {aggregazione,bib-tesi,ni,p,pt,pt ossigeno},
mendeley-tags = {aggregazione,bib-tesi,ni,p,pt,pt ossigeno},
month = feb,
number = {4},
pages = {1964--1974},
title = {{Temperature-Induced Control of Conformation and Conjugation Length in Water-Soluble Fluorescent Polythiophenes}},
url = {http://pubs.acs.org/doi/abs/10.1021/ma902136a},
volume = {43},
year = {2010}
}
@article{Cremer2006,
author = {Cremer, Jens and B\"{a}uerle, Peter and Wienk, Martijn M. and Janssen, Ren\'{e} A. J.},
doi = {10.1021/cm0620180},
file = {:home/ilario/Desktop/tesi5-2/articoli/esempio\_importanza\_lumo.pdf:pdf},
issn = {0897-4756},
journal = {Chemistry of Materials},
keywords = {bib-tesi,pv},
mendeley-tags = {bib-tesi,pv},
month = dec,
number = {25},
pages = {5832--5834},
title = {{High Open-Circuit Voltage Poly(ethynylene bithienylene):Fullerene Solar Cells}},
url = {http://pubs.acs.org/doi/abs/10.1021/cm0620180},
volume = {18},
year = {2006}
}
@article{Daoust1991,
author = {Daoust, G. and Leclerc, Mario},
doi = {10.1021/ma00002a018},
file = {:home/ilario/Desktop/tesi5-2/articoli/poli-pt-ossigenodiretto.pdf:pdf},
issn = {0024-9297},
journal = {Macromolecules},
keywords = {bib-tesi,pt ossigeno},
mendeley-tags = {bib-tesi,pt ossigeno},
month = mar,
number = {2},
pages = {455--459},
title = {{Structure-property relationships in alkoxy-substituted polythiophenes}},
url = {http://pubs.acs.org/doi/abs/10.1021/ma00002a018},
volume = {24},
year = {1991}
}
@article{Deans2000,
author = {Deans, Robert and Kim, Jinsang and Machacek, Michelle R. and Swager, Timothy M.},
doi = {10.1021/ja0007298},
file = {:home/ilario/Desktop/tesi5-2/articoli/aggregazionedistortanonchirale2000.pdf:pdf},
issn = {0002-7863},
journal = {Journal of the American Chemical Society},
keywords = {aggregazione,bib-tesi},
mendeley-tags = {aggregazione,bib-tesi},
month = sep,
number = {35},
pages = {8565--8566},
title = {{A Poly( p -phenyleneethynylene) with a Highly Emissive Aggregated Phase}},
url = {http://pubs.acs.org/doi/abs/10.1021/ja0007298},
volume = {122},
year = {2000}
}
@article{Furukawa1987,
author = {Furukawa, Y. and Akimoto, M. and Harada, I.},
doi = {10.1016/0379-6779(87)90870-8},
file = {:home/ilario/Desktop/tesi5-2/articoli/vibrational.pdf:pdf},
issn = {03796779},
journal = {Synthetic Metals},
keywords = {bib-tesi,pt},
mendeley-tags = {bib-tesi,pt},
month = feb,
number = {1-3},
pages = {151--156},
title = {{Vibrational key bands and electrical conductivity of polythiophene}},
url = {http://linkinghub.elsevier.com/retrieve/pii/0379677987908708},
volume = {18},
year = {1987}
}
@article{Gadisa2004,
author = {Gadisa, Abay and Svensson, Mattias and Andersson, Mats R. and Ingan\"{a}s, Olle},
doi = {10.1063/1.1650878},
file = {:home/ilario/Desktop/tesi5-2/articoli/Voc-homo-lumo.pdf:pdf},
issn = {00036951},
journal = {Applied Physics Letters},
keywords = {bib-tesi,pcbm,pt},
mendeley-tags = {bib-tesi,pcbm,pt},
number = {9},
pages = {1609},
title = {{Correlation between oxidation potential and open-circuit voltage of composite solar cells based on blends of polythiophenes/ fullerene derivative}},
url = {http://link.aip.org/link/APPLAB/v84/i9/p1609/s1\&Agg=doi},
volume = {84},
year = {2004}
}
@article{Garnier1994,
abstract = {A field-effect transistor has been fabricated from polymer materials by printing techniques. The device characteristics, which show high current output, are insensitive to mechanical treatments such as bending or twisting. This all-organic flexible device, realized with mild techniques, opens the way for large-area, low-cost plastic electronics.},
author = {Garnier, Francis and Hajlaoui, Ryad and Yassar, Abderrahim and Srivastava, Pratima},
doi = {10.1126/science.265.5179.1684},
file = {:home/ilario/Desktop/tesi5-2/articoli/fet1994.pdf:pdf},
issn = {0036-8075},
journal = {Science},
keywords = {bib-tesi,fet,pt},
mendeley-tags = {bib-tesi,fet,pt},
month = sep,
number = {5179},
pages = {1684--6},
pmid = {17770896},
title = {{All-polymer field-effect transistor realized by printing techniques.}},
url = {http://www.sciencemag.org/content/265/5179/1684.short http://www.ncbi.nlm.nih.gov/pubmed/17770896},
volume = {265},
year = {1994}
}
@article{Goto2002,
author = {Goto, Hidetoshi and Okamoto, Yoshio and Yashima, Eiji},
doi = {10.1021/ma012083p},
file = {:home/ilario/Desktop/tesi5-2/articoli/chirale/chirale vs non solvvente.pdf:pdf},
issn = {0024-9297},
journal = {Macromolecules},
keywords = {aggregazione,bib-tesi,chirale,regioregolarita,xrd},
mendeley-tags = {aggregazione,bib-tesi,chirale,regioregolarita,xrd},
month = jun,
number = {12},
pages = {4590--4601},
title = {{Solvent-Induced Chiroptical Changes in Supramolecular Assemblies of an Optically Active, Regioregular Polythiophene}},
url = {http://pubs.acs.org/doi/abs/10.1021/ma012083p},
volume = {35},
year = {2002}
}
@article{Goto2002a,
abstract = {A chiral regioregular polythiophene (PT), poly[3-[4-((R)-4-ethyl-2-oxazolin-2-yl)phenyl]thiophene] (poly-1), forms chiral aggregates which exhibit a unique induced circular dichroism (ICD) in the pi-pi transition region derived from the supramolecular chirality in the presence of various poor solvents or metal salts in chloroform. We report here that the chirality of such supramolecular aggregates can be switched ("on" and "off") through electron transfer. We have found that upon the addition of copper(II) trifluoromethanesulfonate [Cu(OTf)(2)] to the chiral aggregates of poly-1 in a chloroform-acetonitrile mixture, the ICD disappears because of the oxidative doping of the poly-1 main chain, while a further addition of amines such as triethylenetetramine (TETA) induces undoping of the poly-1 which results in the reappearance of the ICDs. Therefore, the supramolecular chirality of the poly-1 assemblies was reversibly controlled by the addition or removal of an electron from the poly-1 main chain. This may be the first example of a reversible supramolecular chirality switch on chiral PT aggregates. We investigated the mechanism of the chirality switch through the doping and undoping process on the polymer main chain by means of absorption and CD spectroscopies, ESR, cyclic voltammetry, X-ray diffraction, and AFM measurements.},
author = {Goto, Hidetoshi and Yashima, Eiji},
doi = {10.1021/ja025900p},
file = {:home/ilario/Desktop/tesi5-2/articoli/chirale/doping-chiralita.pdf:pdf},
issn = {0002-7863},
journal = {Journal of the American Chemical Society},
keywords = {bib-tesi,chirale,pt,xrd},
mendeley-tags = {bib-tesi,chirale,pt,xrd},
month = jul,
number = {27},
pages = {7943--7949},
pmid = {12095338},
title = {{Electron-Induced Switching of the Supramolecular Chirality of Optically Active Polythiophene Aggregates}},
url = {http://www.ncbi.nlm.nih.gov/pubmed/12095338 http://pubs.acs.org/doi/abs/10.1021/ja025900p},
volume = {124},
year = {2002}
}
@article{Goto2000,
abstract = {The chiroptical properties of a novel, optically active regioregular poly[3-(4-((R)-4-ethyl-2-oxazolin-2-yl)phenyl)thiophene] (poly-1) were investigated in mixtures of a good solvent, chloroform, and a variety of poor solvents using CD spectroscopy. Most poor solvents induced CD on poly-1 with similar Cotton effects, while acetonitrile and nitromethane caused dramatic changes in the Cotton effects of poly-1.},
author = {Goto, Hidetoshi and Yashima, Eiji and Okamoto, Yoshio},
doi = {10.1002/(SICI)1520-636X(2000)12:5/6<396::AID-CHIR17>3.0.CO;2-X},
file = {:home/ilario/Desktop/tesi5-2/articoli/chirale/percentuale\_non\_solvente.pdf:pdf},
issn = {0899-0042},
journal = {Chirality},
keywords = {aggregazione,bib-tesi,chiral aggregation,chirale,induced circular dichroism,polythiophene,regioregolarita,solvato-},
mendeley-tags = {aggregazione,bib-tesi,chirale,regioregolarita},
month = jun,
number = {5-6},
pages = {396--9},
pmid = {10824159},
title = {{Unusual solvent effects on chiroptical properties of an optically active regioregular polythiophene in solution.}},
url = {http://www.ncbi.nlm.nih.gov/pubmed/10824159},
volume = {12},
year = {2000}
}
@article{Halls1996,
author = {Halls, J. J. M. and Pichler, K. and Friend, Richard H. and Moratti, S. C. and Holmes, Andrew B.},
doi = {10.1063/1.115797},
file = {:home/ilario/Desktop/tesi5-2/articoli/bilayer-c60-1996.pdf:pdf},
issn = {00036951},
journal = {Applied Physics Letters},
keywords = {bib-tesi,pv},
mendeley-tags = {bib-tesi,pv},
number = {22},
pages = {3120},
title = {{Exciton diffusion and dissociation in a poly(p-phenylenevinylene)/C60 heterojunction photovoltaic cell}},
url = {http://link.aip.org/link/APPLAB/v68/i22/p3120/s1\&Agg=doi},
volume = {68},
year = {1996}
}
@article{Hammer2011,
author = {Hammer, Brenton A. G. and Bokel, F. A. and Hayward, Ryan C. and Emrick, Todd},
doi = {10.1021/cm2018345},
file = {:home/ilario/.local/share/data/Mendeley Ltd./Mendeley Desktop/Downloaded/Hammer et al. - 2011 - Cross-Linked Conjugated Polymer Fibrils Robust Nanowires from Functional Polythiophene Diblock Copolymers.pdf:pdf},
issn = {0897-4756},
journal = {Chemistry of Materials},
keywords = {aggregazione,bib-tesi,fibril,living,nanowire,p,polythiophene,pt ch2o,pt ossigeno,pv,self-assembly},
mendeley-tags = {aggregazione,bib-tesi,living,p,pt ch2o,pt ossigeno,pv},
month = sep,
pages = {4250--4256},
publisher = {ACS Publications},
title = {{Cross-Linked Conjugated Polymer Fibrils: Robust Nanowires from Functional Polythiophene Diblock Copolymers}},
url = {http://pubs.acs.org/doi/abs/10.1021/cm2018345},
volume = {23},
year = {2011}
}
@article{Hauk2006,
author = {Hauk, Dieter and Lang, Sebastian and Murso, Alexander},
doi = {10.1021/op0600153},
file = {:home/ilario/Desktop/tesi5-2/articoli/reazioni/grignard/LiCl.pdf:pdf},
issn = {1083-6160},
journal = {Organic Process Research \& Development},
keywords = {bib-tesi,monomeri,p},
mendeley-tags = {bib-tesi,monomeri,p},
month = jul,
number = {4},
pages = {733--738},
title = {{Minimization of Side Reactions in Bromine Magnesium Exchanges with i- PrMgCl/LiCl and s- BuMgCl/LiCl Mixtures}},
url = {http://pubs.acs.org/doi/abs/10.1021/op0600153},
volume = {10},
year = {2006}
}
@article{Henze2003,
author = {Henze, Oliver and Fransen, Michel and Jonkheijm, Pascal and Meijer, E. W. and Feast, W. James and Schenning, Albertus P. H. J.},
doi = {10.1002/pola.10720},
file = {:home/ilario/Desktop/tesi5-2/articoli/chirale/blocchi-alternati-chiralita-su-nontiofene.pdf:pdf},
issn = {0887-624X},
journal = {Journal of Polymer Science Part A: Polymer Chemistry},
keywords = {bib-tesi,block,block copoly-,chirale,conjugated polymers,oligomers,self-assembly,synthesis},
mendeley-tags = {bib-tesi,block,chirale},
month = jun,
number = {11},
pages = {1737--1743},
title = {{Synthesis and self-assembly of a chiral alternating sexithiophene-undeca(ethyleneoxy) block copolymer}},
url = {http://doi.wiley.com/10.1002/pola.10720},
volume = {41},
year = {2003}
}
@article{Higashihara2012,
author = {Higashihara, Tomoya and Goto, Eisuke and Ueda, Mitsuru},
doi = {10.1021/mz200128d},
file = {:home/ilario/.local/share/data/Mendeley Ltd./Mendeley Desktop/Downloaded/Higashihara, Goto, Ueda - 2012 - Purification-Free and Protection-Free Synthesis of Regioregular Poly(3-hexylthiophene) and Poly(3-(6-hy.pdf:pdf},
issn = {2161-1653},
journal = {ACS Macro Letters},
keywords = {bib-tesi,living,non grim,pt,pt ossigeno,regioregolarita,zn},
mendeley-tags = {bib-tesi,living,non grim,pt,pt ossigeno,regioregolarita,zn},
month = jan,
number = {1},
pages = {167--170},
publisher = {ACS Publications},
title = {{Purification-Free and Protection-Free Synthesis of Regioregular Poly(3-hexylthiophene) and Poly(3-(6-hydroxyhexyl)thiophene) Using a Zincate Complex of t Bu 4 ZnLi 2}},
url = {http://pubs.acs.org/doi/abs/10.1021/mz200128d},
volume = {1},
year = {2012}
}
@article{Higashihara2011,
author = {Higashihara, Tomoya and Ohshimizu, Kaoru and Ryo, Yecheol and Sakurai, Takuya and Takahashi, Ayumi and Nojima, Shuichi and Ree, Moonhor and Ueda, Mitsuru},
doi = {10.1016/j.polymer.2011.06.037},
file = {:home/ilario/.local/share/data/Mendeley Ltd./Mendeley Desktop/Downloaded/Higashihara et al. - 2011 - Synthesis and characterization of block copolythiophene with hexyl and triethylene glycol side chains.pdf:pdf},
issn = {00323861},
journal = {Polymer},
keywords = {aggregazione,bib-tesi,block,graft from,living,p,pt,pt ch2o,pt ossigeno},
mendeley-tags = {aggregazione,bib-tesi,block,graft from,living,p,pt,pt ch2o,pt ossigeno},
month = aug,
number = {17},
pages = {3687--3695},
publisher = {Elsevier},
title = {{Synthesis and characterization of block copolythiophene with hexyl and triethylene glycol side chains}},
url = {http://linkinghub.elsevier.com/retrieve/pii/S0032386111005118 http://www.sciencedirect.com/science/article/pii/S0032386111005118},
volume = {52},
year = {2011}
}
@article{Hong1981,
author = {Hong, K. M. and Noolandi, Jaan},
doi = {10.1021/ma50004a051},
file = {:home/ilario/Desktop/tesi5-2/articoli/polidispersita-block-teoria.pdf:pdf},
issn = {0024-9297},
journal = {Macromolecules},
keywords = {bib-tesi,block},
mendeley-tags = {bib-tesi,block},
month = may,
number = {3},
pages = {727--736},
title = {{Theory of inhomogeneous multicomponent polymer systems}},
url = {http://pubs.acs.org/doi/pdf/10.1021/ma50004a051 http://pubs.acs.org/doi/abs/10.1021/ma50004a051},
volume = {14},
year = {1981}
}
@article{Horak1966,
author = {Horak, M. and Hyams, I. J. and Lippincott, E. R.},
doi = {10.1016/0371-1951(66)80039-5},
file = {:home/ilario/Desktop/tesi5-2/articoli/alogenotiofene.pdf:pdf},
issn = {03711951},
journal = {Spectrochimica Acta},
keywords = {bib-tesi,pt},
mendeley-tags = {bib-tesi,pt},
month = jul,
number = {7},
pages = {1355--1363},
title = {{The vibrational spectra thiophene derivatives: the monohalogenothiophenes}},
url = {http://www.sciencedirect.com/science/article/pii/0371195166800395 http://linkinghub.elsevier.com/retrieve/pii/0371195166800395},
volume = {22},
year = {1966}
}
@article{Hotta1987,
author = {Hotta, S. and Rughooputh, S. D. D. V. and Heeger, A. J. and Wudl, Fred},
doi = {10.1021/ma00167a038},
file = {:home/ilario/Desktop/tesi5-2/articoli/vibrational-p3ht.pdf:pdf},
issn = {0024-9297},
journal = {Macromolecules},
keywords = {bib-tesi,pt},
mendeley-tags = {bib-tesi,pt},
month = jan,
number = {1},
pages = {212--215},
title = {{Spectroscopic studies of soluble poly(3-alkylthienylenes)}},
url = {http://pubs.acs.org/doi/abs/10.1021/ma00167a038},
volume = {20},
year = {1987}
}
@article{Imae2012,
author = {Imae, Ichiro and Tokita, Daisuke and Ooyama, Yousuke and Komaguchi, Kenji and Ohshita, Joji and Harima, Yutaka},
doi = {10.1039/c2jm32259e},
file = {:home/ilario/Desktop/tesi5-2/articoli/reazioni/suzuki2.pdf:pdf},
isbn = {0000000000},
issn = {0959-9428},
journal = {Journal of Materials Chemistry},
keywords = {bib-tesi},
mendeley-tags = {bib-tesi},
number = {32},
pages = {16407},
title = {{Oligothiophenes incorporated in a polysilsesquioxane network: application to tunable transparent conductive films}},
url = {http://xlink.rsc.org/?DOI=c2jm32259e},
volume = {22},
year = {2012}
}
@article{Iovu2005,
author = {Iovu, Mihaela Corina and Sheina, Elena E. and Gil, Roberto R. and McCullough, Richard D.},
doi = {10.1021/ma051122k},
file = {:home/ilario/Desktop/tesi5-2/articoli/chirale/85-15-dibromuro.pdf:pdf},
issn = {0024-9297},
journal = {Macromolecules},
keywords = {bib-tesi,monomeri,regioregolarita},
mendeley-tags = {bib-tesi,monomeri,regioregolarita},
month = oct,
number = {21},
pages = {8649--8656},
title = {{Experimental Evidence for the Quasi-“Living” Nature of the Grignard Metathesis Method for the Synthesis of Regioregular Poly(3-alkylthiophenes)}},
url = {http://pubs.acs.org/doi/abs/10.1021/ma051122k},
volume = {38},
year = {2005}
}
@article{Jeffries-EL2004,
author = {Jeffries-El, Malika and Sauv\'{e}, Genevi\`{e}ve and McCullough, Richard D.},
doi = {10.1002/adma.200400137},
file = {:home/ilario/Desktop/tesi5-2/articoli/polimerizzazione/terminazione con grignard2004.pdf:pdf},
issn = {0935-9648},
journal = {Advanced Materials},
keywords = {bib-tesi,pt},
mendeley-tags = {bib-tesi,pt},
month = jun,
number = {12},
pages = {1017--1019},
title = {{In-Situ End-Group Functionalization of Regioregular Poly(3-alkylthiophene) Using the Grignard Metathesis Polymerization Method}},
url = {http://doi.wiley.com/10.1002/adma.200400137},
volume = {16},
year = {2004}
}
@article{Jeffries-El2005,
author = {Jeffries-El, Malika and Sauv\'{e}, Genevi\`{e}ve and McCullough, Richard D.},
doi = {10.1021/ma051096q},
file = {:home/ilario/.local/share/data/Mendeley Ltd./Mendeley Desktop/Downloaded/Jeffries-El, Sauv\'{e}, McCullough - 2005 - Facile Synthesis of End-Functionalized Regioregular Poly(3-alkylthiophene)s via Modified Grigna.pdf:pdf},
issn = {0024-9297},
journal = {Macromolecules},
keywords = {asimmmetrico,bib-tesi,doc-blocchi,living,pt},
mendeley-tags = {asimmmetrico,bib-tesi,doc-blocchi,living,pt},
month = dec,
number = {25},
pages = {10346--10352},
title = {{Facile Synthesis of End-Functionalized Regioregular Poly(3-alkylthiophene)s via Modified Grignard Metathesis Reaction}},
url = {http://pubs.acs.org/doi/abs/10.1021/ma051096q},
volume = {38},
year = {2005}
}
@article{Kane-Maguire2010,
abstract = {This critical review describes the preparation and properties of a relatively new class of chiral macromolecules, namely chiral conducting polymers. It focuses in particular on examples based on polypyrrole, polythiophene and polyaniline. They possess remarkable properties, combining not only chirality with electrical conductivity but also the ability to undergo facile redox and pH switching. These unique properties have opened up a range of exciting new potential applications, including as chiral sensors, as novel stationary phases for chiral separations, and as chiral electrodes for electrochemical asymmetric synthesis (153 references).},
author = {Kane-Maguire, Leon A. P. and Wallace, Gordon G.},
doi = {10.1039/b908001p},
file = {:home/ilario/Desktop/tesi5-2/articoli/chirale/review chiral conducting.pdf:pdf},
issn = {1460-4744},
journal = {Chemical Society reviews},
keywords = {aggregazione,bib-tesi,chirale,p,pt,pt ossigeno},
mendeley-tags = {aggregazione,bib-tesi,chirale,p,pt,pt ossigeno},
month = jul,
number = {7},
pages = {2545--76},
pmid = {20567781},
title = {{Chiral conducting polymers.}},
url = {http://www.ncbi.nlm.nih.gov/pubmed/20567781},
volume = {39},
year = {2010}
}
@article{Kaneto1989,
author = {Kaneto, K and Yoshino, K},
doi = {10.1016/0379-6779(89)90535-3},
file = {:home/ilario/Desktop/tesi5-2/articoli/pl\_vs\_eccitoni1989.pdf:pdf},
issn = {03796779},
journal = {Synthetic Metals},
keywords = {bib-tesi,eccitoni,pt},
mendeley-tags = {bib-tesi,eccitoni,pt},
month = jan,
number = {1-2},
pages = {287--292},
title = {{Optical anisotropy of polythiophene films}},
url = {http://www.sciencedirect.com/science/article/pii/0379677989905353 http://linkinghub.elsevier.com/retrieve/pii/0379677989905353},
volume = {28},
year = {1989}
}
@article{Kaul2010,
annote = {Dal tipno fanno polimerizzare politiofene e poi polimerizzano polistirene dal tipno che c'\`{e} gi\`{a}.},
author = {Kaul, Elisabeth and Senkovskyy, Volodymyr and Tkachov, Roman and Bocharova, Vera and Komber, Hartmut and Stamm, Manfred and Kiriy, Anton},
doi = {10.1021/ma902354j},
file = {:home/ilario/Desktop/tesi5-2/articoli/blocchi/from-nmrp-politiofene-tipno-polistirene.pdf:pdf},
issn = {0024-9297},
journal = {Macromolecules},
keywords = {bib-tesi,block,doc-blocchi,graft from,nmrp,p,rod coil},
mendeley-tags = {bib-tesi,block,doc-blocchi,graft from,nmrp,p,rod coil},
month = jan,
number = {1},
pages = {77--81},
title = {{Synthesis of a Bifunctional Initiator for Controlled Kumada Catalyst-Transfer Polycondensation/Nitroxide-Mediated Polymerization and Preparation of Poly(3-hexylthiophene)-Polystyrene Block Copolymer Therefrom}},
url = {http://pubs.acs.org/doi/abs/10.1021/ma902354j},
volume = {43},
year = {2010}
}
@article{Kim2010,
abstract = {We have demonstrated ultrasonic-assisted nanodimensional self-assembly of a conjugated polymer, P3HT, depending on its regioregularity, on solvent polarity, and on light irradiation. The resulting P3HT nanowires were investigated by means of AFM, UV-vis, and XRD and compared with films made by a conventional thermal annealing method. Obtained results indicate that ultrasonic agitation effectively generates P3HT nanowires, exemplifying a quick route to nanoscale morphology control which contributes to better organic photovoltaic cell performance.},
author = {Kim, Bong-Gi and Kim, Myung-Su and Kim, Jinsang},
doi = {10.1021/nn901568w},
file = {:home/ilario/Desktop/tesi5-2/articoli/ultrasuoni.pdf:pdf},
issn = {1936-086X},
journal = {ACS nano},
keywords = {address correspondence to,bib-tesi,conjugated,nanowires,organic electronics,photovoltaic devices,polymers,pt,self-assembly},
mendeley-tags = {bib-tesi,pt},
month = apr,
number = {4},
pages = {2160--6},
pmid = {20201560},
title = {{Ultrasonic-assisted nanodimensional self-assembly of poly-3-hexylthiophene for organic photovoltaic cells.}},
url = {http://www.ncbi.nlm.nih.gov/pubmed/20201560},
volume = {4},
year = {2010}
}
@article{Kim2006,
author = {Kim, Youngkyoo and Cook, Steffan and Tuladhar, Sachetan M. and Choulis, Stelios a. and Nelson, Jenny and Durrant, James R. and Bradley, Donal D. C. and Giles, Mark and McCulloch, Iain and Ha, Chang-Sik and Ree, Moonhor},
doi = {10.1038/nmat1574},
file = {:home/ilario/Desktop/tesi5-2/articoli/regioregolarita-vs-pv.pdf:pdf},
issn = {1476-1122},
journal = {Nature Materials},
keywords = {bib-tesi,pv,regioregolarita},
mendeley-tags = {bib-tesi,pv,regioregolarita},
month = feb,
number = {3},
pages = {197--203},
title = {{A strong regioregularity effect in self-organizing conjugated polymer films and high-efficiency polythiophene:fullerene solar cells}},
url = {http://www.nature.com/doifinder/10.1038/nmat1574},
volume = {5},
year = {2006}
}
@article{Kiriy2011,
abstract = {Kumada catalyst-transfer polycondensation (KCTP) is a new but rapidly developing method with great potential for the preparation of well-defined conjugated polymers (CPs). The recently discovered chain-growth mechanism is unique among the various transition metal-catalyzed polycondensations, and has thus attracted much attention among researchers. Most progress is found in the areas of mechanism and external initiation via new initiators, but also the number of monomers other than thiophene that can be polymerized is steadily increasing. Accordingly, the variety of CP chain architectures is increasing as well, and a considerable contribution of KCTP toward more efficient materials can be expected in the future. This review critically focuses on very recent progress in the synthesis of CPs and the mechanism of KCTP, and is finally aimed at providing a comprehensive picture of this exciting polymerization method.},
author = {Kiriy, Anton and Senkovskyy, Volodymyr and Sommer, Michael},
doi = {10.1002/marc.201100316},
file = {:home/ilario/.local/share/data/Mendeley Ltd./Mendeley Desktop/Downloaded/Kiriy, Senkovskyy, Sommer - 2011 - Kumada Catalyst-Transfer Polycondensation Mechanism, Opportunities, and Challenges.pdf:pdf},
issn = {1521-3927},
journal = {Macromolecular Rapid Communications},
keywords = {bib-tesi,block,living,p,pt,regioregolarita,review},
mendeley-tags = {bib-tesi,block,living,p,pt,regioregolarita,review},
month = jul,
pages = {1503--1517},
pmid = {21800394},
publisher = {Wiley Online Library},
title = {{Kumada Catalyst-Transfer Polycondensation: Mechanism, Opportunities, and Challenges}},
url = {http://www.ncbi.nlm.nih.gov/pubmed/21800394 http://onlinelibrary.wiley.com/doi/10.1002/marc.201100316/full},
volume = {32},
year = {2011}
}
@article{Kiriy2003,
author = {Kiriy, Nataliya and Jahne, Evelin and Adler, Hans-Juergen and Schneider, Mareike and Kiriy, Anton and Gorodyska, Ganna and Minko, Sergiy and Jehnichen, Dieter and Simon, Paul and Fokin, Andrey and Stamm, Manfred},
doi = {10.1021/nl0341032},
file = {:home/ilario/Desktop/tesi5-2/articoli/aggregazione molla schiacciata.pdf:pdf},
issn = {1530-6984},
journal = {Nano Letters},
keywords = {aggregazione,bib-tesi,chirale,pt},
mendeley-tags = {aggregazione,bib-tesi,chirale,pt},
month = jun,
number = {6},
pages = {707--712},
title = {{One-dimensional aggregation of regioregular polyalkylthiophenes}},
url = {http://pubs.acs.org/doi/abs/10.1021/nl0341032},
volume = {3},
year = {2003}
}
@article{Knochel2003,
abstract = {Organomagnesium reagents occupy a central position in synthetic organic and organometallic chemistry. Recently, the halogen-magnesium exchange has considerably extended the range of functionalized Grignard reagents available for synthetic purposes. Functional groups such as esters, nitriles, iodides, imines, or even nitro groups can be present in a wide range of aromatic and heterocyclic organomagnesium reagents. Also various highly functionalized alkenyl magnesium species can be prepared. These recent developments as well as new applications of organomagnesium reagents in cross-coupling reactions and amination reactions will be covered in this Review.},
author = {Knochel, Paul and Dohle, Wolfgang and Gommermann, Nina and Kneisel, Florian F. and Kopp, Felix and Korn, Tobias and Sapountzis, Ioannis and Vu, Viet Anh},
doi = {10.1002/anie.200300579},
file = {:home/ilario/Desktop/tesi5-2/articoli/reazioni/grignard/review-grignard-scambio.pdf:pdf},
issn = {1433-7851},
journal = {Angewandte Chemie (International ed. in English)},
keywords = {bib-tesi,c \`{a} c coupling,compounds,grignard reaction,magnesium,organometallic,review,synthetic},
mendeley-tags = {bib-tesi,review},
month = sep,
number = {36},
pages = {4302--20},
pmid = {14502700},
title = {{Highly functionalized organomagnesium reagents prepared through halogen-metal exchange.}},
url = {http://www.ncbi.nlm.nih.gov/pubmed/14502700},
volume = {42},
year = {2003}
}
@article{Koningsveld1972,
author = {Koningsveld, R.},
file = {:home/ilario/Desktop/tesi5-2/articoli/polidispersita-miscibilita.pdf:pdf},
journal = {Chem. Zvesti},
keywords = {bib-tesi},
mendeley-tags = {bib-tesi},
number = {3},
pages = {263--287},
title = {{Liquid-liquid equilibria in quasi-ternary systems}},
url = {http://www.chempap.org/index.php?id=7\&paper=5811},
volume = {26},
year = {1972}
}
@article{Koster2006,
author = {Koster, L. J. A. and Mihailetchi, V. D. and Blom, P. W. M.},
doi = {10.1063/1.2181635},
file = {:home/ilario/Desktop/tesi5-2/articoli/lumo e bandgap.pdf:pdf},
issn = {00036951},
journal = {Applied Physics Letters},
keywords = {bib-tesi,pv},
mendeley-tags = {bib-tesi,pv},
number = {9},
pages = {093511},
title = {{Ultimate efficiency of polymer/fullerene bulk heterojunction solar cells}},
url = {http://link.aip.org/link/APPLAB/v88/i9/p093511/s1\&Agg=doi},
volume = {88},
year = {2006}
}
@article{Krasovskiy2004,
author = {Krasovskiy, Arkady and Knochel, Paul},
doi = {10.1002/anie.200454084},
file = {:home/ilario/Desktop/tesi5-2/articoli/reazioni/grignard/licl-molecole\_elettronricche.pdf:pdf},
issn = {1433-7851},
journal = {Angewandte Chemie (International ed. in English)},
keywords = {Bromides,Bromides: chemistry,Brominated,Brominated: chemical synthesis,Brominated: chemistry,Hydrocarbons,Lithium Chloride,Lithium Chloride: chemistry,Magnesium,Magnesium: chemistry,Molecular Structure,Organometallic Compounds,Organometallic Compounds: chemical synthesis,bib-tesi},
mendeley-tags = {bib-tesi},
month = jun,
number = {25},
pages = {3333--6},
pmid = {15213967},
title = {{A LiCl-mediated Br/Mg exchange reaction for the preparation of functionalized aryl- and heteroarylmagnesium compounds from organic bromides.}},
url = {http://www.ncbi.nlm.nih.gov/pubmed/15213967},
volume = {43},
year = {2004}
}
@article{Laiho2006,
author = {Laiho, Ari and Robin, H. A. and Valkama, Sami and Ruokolainen, Janne and \"{O}sterbacka, R. and Ikkala, Olli},
file = {:home/ilario/.local/share/data/Mendeley Ltd./Mendeley Desktop/Downloaded/Laiho et al. - 2006 - Control of self-assembly by charge-transfer complexation between C60 fullerene and electron donating units of bloc.pdf:pdf},
journal = {Macromolecules},
keywords = {aggregazione,bib-tesi,block,pcbm,py},
mendeley-tags = {aggregazione,bib-tesi,block,pcbm,py},
number = {22},
pages = {7648--7653},
publisher = {ACS Publications},
title = {{Control of self-assembly by charge-transfer complexation between C60 fullerene and electron donating units of block copolymers}},
url = {http://pubs.acs.org/doi/abs/10.1021/ma061165g},
volume = {39},
year = {2006}
}
@article{Lakhwani2011,
author = {Lakhwani, Girish and Meskers, Stefan C. J.},
doi = {10.1021/jz200500a},
file = {:home/ilario/Desktop/tesi5-2/articoli/chirale/polischifo aggregazione ad elica.pdf:pdf},
issn = {1948-7185},
journal = {The Journal of Physical Chemistry Letters},
keywords = {aggregazione,bib-tesi,chirale},
mendeley-tags = {aggregazione,bib-tesi,chirale},
month = jul,
number = {13},
pages = {1497--1501},
title = {{Circular Selective Reflection of Light Proving Cholesteric Ordering in Thin Layers of Chiral Fluorene Polymers}},
url = {http://pubs.acs.org/doi/abs/10.1021/jz200500a},
volume = {2},
year = {2011}
}
@article{Langeveld-Voss1998,
author = {Langeveld-Voss, B. M. W. and Beljonne, David and Shuai, Zhigang and Janssen, Ren\'{e} A. J. and Meskers, Stefan C. J. and Meijer, E. W. and Br\'{e}das, Jean-Luc},
doi = {10.1002/(SICI)1521-4095(199811)10:16<1343::AID-ADMA1343>3.0.CO;2-Z},
file = {:home/ilario/.local/share/data/Mendeley Ltd./Mendeley Desktop/Downloaded/Langeveld-Voss et al. - 1998 - Investigation of exciton coupling in oligothiophenes by circular dichroism spectroscopy.pdf:pdf},
issn = {0935-9648},
journal = {Advanced Materials},
keywords = {bib-tesi,chirale,eccitoni,p,pt},
mendeley-tags = {bib-tesi,chirale,eccitoni,p,pt},
month = nov,
number = {16},
pages = {1343--1348},
publisher = {Wiley Online Library},
title = {{Investigation of Exciton Coupling in Oligothiophenes by Circular Dichroism Spectroscopy}},
url = {http://onlinelibrary.wiley.com/doi/10.1002/(SICI)1521-4095(199811)10:16\%3C1343::AID-ADMA1343\%3E3.0.CO;2-Z/abstract http://doi.wiley.com/10.1002/\%28SICI\%291521-4095\%28199811\%2910\%3A16\%3C1343\%3A\%3AAID-ADMA1343\%3E3.0.CO\%3B2-Z},
volume = {10},
year = {1998}
}
@article{Langeveld-Voss1998a,
author = {Langeveld-Voss, B. M. W. and Christiaans, M. P. T. and Janssen, Ren\'{e} A. J. and Meijer, E. W.},
doi = {10.1021/ma980813w},
file = {:home/ilario/Desktop/tesi5-2/articoli/odd-even e solvente.pdf:pdf},
issn = {0024-9297},
journal = {Macromolecules},
keywords = {bib-tesi,chirale},
mendeley-tags = {bib-tesi,chirale},
month = sep,
number = {19},
pages = {6702--6704},
title = {{Inversion of Optical Activity of Chiral Polythiophene Aggregates by a Change of Solvent}},
url = {http://cat.inist.fr/?aModele=afficheN\&cpsidt=2424707 http://pubs.acs.org/doi/abs/10.1021/ma980813w},
volume = {31},
year = {1998}
}
@article{Langeveld-Voss1996,
author = {Langeveld-Voss, B. M. W. and Janssen, Ren\'{e} A. J. and Christiaans, M. P. T. and Meskers, Stefan C. J. and Dekkers, H. P. J. M. and Meijer, E. W.},
doi = {10.1021/ja9600643},
file = {:home/ilario/Desktop/tesi5-2/articoli/chirale/langeveldvoss1996 davydov.pdf:pdf},
issn = {0002-7863},
journal = {Journal of the American Chemical Society},
keywords = {bib-tesi,chirale},
mendeley-tags = {bib-tesi,chirale},
month = jan,
number = {20},
pages = {4908--4909},
title = {{Circular Dichroism and Circular Polarization of Photoluminescence of Highly Ordered Poly\{3,4-di[( S )-2-methylbutoxy]thiophene\}}},
url = {http://pubs.acs.org/doi/pdf/10.1021/ja9600643 http://pubs.acs.org/doi/abs/10.1021/ja9600643},
volume = {118},
year = {1996}
}
@article{Langeveld-Voss2000,
author = {Langeveld-Voss, B. M. W. and Janssen, Ren\'{e} A. J. and Meijer, E. W.},
doi = {10.1016/S0022-2860(99)00444-5},
file = {:home/ilario/Desktop/tesi5-2/articoli/chirale/politiofeni chiralita.pdf:pdf},
issn = {00222860},
journal = {Journal of Molecular Structure},
keywords = {bib-tesi,chirale,chirality,circular dichroism,conjugated polymers,p,polythiophenes,pt},
mendeley-tags = {bib-tesi,chirale,p,pt},
month = mar,
number = {1-3},
pages = {285--301},
title = {{On the origin of optical activity in polythiophenes}},
url = {http://linkinghub.elsevier.com/retrieve/pii/S0022286099004445 http://www.sciencedirect.com/science/article/pii/S0022286099004445},
volume = {521},
year = {2000}
}
@article{Langeveld-Voss1999,
author = {Langeveld-Voss, B. M. W. and Waterval, R. J. M. and Janssen, Ren\'{e} A. J. and Meijer, E. W.},
doi = {10.1021/ma981349y},
file = {:home/ilario/.local/share/data/Mendeley Ltd./Mendeley Desktop/Downloaded/Langeveld-Voss et al. - 1999 - Principles of “Majority Rules” and “Sergeants and Soldiers” Applied to the Aggregation of Optical.pdf:pdf},
issn = {0024-9297},
journal = {Macromolecules},
keywords = {amplificazione,bib-tesi,chirale,non living,pt},
mendeley-tags = {amplificazione,bib-tesi,chirale,non living,pt},
month = jan,
number = {1},
pages = {227--230},
publisher = {ACS Publications},
title = {{Principles of “Majority Rules” and “Sergeants and Soldiers” Applied to the Aggregation of Optically Active Polythiophenes: Evidence for a Multichain Phenomenon}},
url = {http://pubs.acs.org/doi/abs/10.1021/ma981349y},
volume = {32},
year = {1999}
}
@article{Lanni2009,
abstract = {The mechanisms for Ni(dppe)Cl(2)-catalyzed chain-growth polymerization of 4-bromo-2,5-bis(hexyloxy)phenylmagnesium chloride and 5-bromo-4-hexylthiophen-2-ylmagnesium chloride were investigated. Rate studies utilizing IR spectroscopy and gas chromatography revealed that both polymerizations exhibit a first-order dependence on the catalyst concentration but a zeroth-order dependence on the monomer concentration. (31)P NMR spectroscopic studies of the reactive organometallic intermediates suggest that the resting states are unsymmetrical Ni(II)-biaryl and Ni(II)-bithiophene complexes. In combination, the data implicate reductive elimination as the rate-determining step for both monomers. Additionally, LiCl was found to have no effect on the rate-determining step or molecular weight distribution in the arene polymerization.},
author = {Lanni, Erica L. and McNeil, Anne J.},
doi = {10.1021/ja904197q},
file = {:home/ilario/Desktop/tesi5-2/articoli/polimerizzazione/licl2009.pdf:pdf},
issn = {1520-5126},
journal = {Journal of the American Chemical Society},
keywords = {Catalysis,Coordination Complexes,Coordination Complexes: chemical synthesis,Coordination Complexes: chemistry,Molecular Structure,Organometallic Compounds,Organometallic Compounds: chemical synthesis,Organometallic Compounds: chemistry,Phenyl Ethers,Phenyl Ethers: chemical synthesis,Phenyl Ethers: chemistry,Stereoisomerism,Thiophenes,Thiophenes: chemical synthesis,Thiophenes: chemistry,bib-tesi,legante,pt},
mendeley-tags = {bib-tesi,legante,pt},
month = nov,
number = {45},
pages = {16573--9},
pmid = {19860465},
title = {{Mechanistic studies on Ni(dppe)Cl(2)-catalyzed chain-growth polymerizations: evidence for rate-determining reductive elimination.}},
url = {http://www.ncbi.nlm.nih.gov/pubmed/19860465},
volume = {131},
year = {2009}
}
@article{Lanni2010,
author = {Lanni, Erica L. and McNeil, Anne J.},
doi = {10.1021/ma101565u},
file = {:home/ilario/Desktop/tesi5-2/articoli/polimerizzazione/licl2010.pdf:pdf},
issn = {0024-9297},
journal = {Macromolecules},
keywords = {bib-tesi,pt},
mendeley-tags = {bib-tesi,pt},
month = oct,
number = {19},
pages = {8039--8044},
title = {{Evidence for Ligand-Dependent Mechanistic Changes in Nickel-Catalyzed Chain-Growth Polymerizations}},
url = {http://pubs.acs.org/doi/abs/10.1021/ma101565u},
volume = {43},
year = {2010}
}
@article{Lee2011,
abstract = {We report on the solution-state assembly of all-conjugated polythiophene diblock copolymers containing nonpolar (hexyl) and polar (triethylene glycol) side chains. The polar substituents provide a large contrast in solubility, enabling formation of stably suspended crystalline fibrils even under very poor solvent conditions for the poly(3-hexylthiophene) block. For appropriate block ratios, complexation of the triethylene glycol side chains with added potassium ions drives the formation of helical nanowires that further bundle into superhelical structures.},
author = {Lee, Eunji and Hammer, Brenton A. G. and Kim, Jung-Keun and Page, Zachariah and Emrick, Todd and Hayward, Ryan C.},
doi = {10.1021/ja2038547},
file = {:home/ilario/.local/share/data/Mendeley Ltd./Mendeley Desktop/Downloaded/Lee et al. - 2011 - Hierarchical helical assembly of conjugated poly(3-hexylthiophene)-block-poly(3-triethylene glycol thiophene) dibloc.pdf:pdf},
issn = {1520-5126},
journal = {Journal of the American Chemical Society},
keywords = {1uno,2proc,3uno,bib-tesi,block,pt,pt ossigeno},
mendeley-tags = {1uno,2proc,3uno,bib-tesi,block,pt,pt ossigeno},
month = jul,
number = {27},
pages = {10390--3},
pmid = {21627317},
title = {{Hierarchical helical assembly of conjugated poly(3-hexylthiophene)-block-poly(3-triethylene glycol thiophene) diblock copolymers.}},
url = {http://www.ncbi.nlm.nih.gov/pubmed/21627317},
volume = {133},
year = {2011}
}
@article{Lermo1999,
author = {Lermo, Elena Ramos and Langeveld-Voss, B. M. W. and Janssen, Ren\'{e} A. J. and Meijer, E. W.},
doi = {10.1039/a901960j},
file = {:home/ilario/Desktop/tesi5-2/articoli/odd-even.pdf:pdf},
issn = {13597345},
journal = {Chemical Communications},
keywords = {bib-tesi,chirale},
mendeley-tags = {bib-tesi,chirale},
number = {9},
pages = {791--792},
title = {{Odd–even effect in optically active poly(3,4-dialkoxythiophene)}},
url = {http://pubs.rsc.org/en/content/articlehtml/1999/cc/a901960j http://xlink.rsc.org/?DOI=a901960j},
year = {1999}
}
@article{Lin2012,
author = {Lin, Ying and Lim, Jung Ah and Wei, Qingshuo and Mannsfeld, Stefan C. B. and Briseno, Alejandro L. and Watkins, James J.},
doi = {10.1021/cm203706h},
file = {:home/ilario/.local/share/data/Mendeley Ltd./Mendeley Desktop/Downloaded/Lin et al. - 2012 - Cooperative Assembly of Hydrogen-Bonded Diblock CopolythiopheneFullerene Blends for Photovoltaic Devices with Well-D.pdf:pdf},
issn = {0897-4756},
journal = {Chemistry of Materials},
keywords = {bib-tesi,block,diblock copolymer,doc-blocchi,hydrogen bonding,morphology,pcbm,photovoltaic device,pt,pt ch2o,pt ossigeno,pv,self-assembly,supramolecular assembly,xrd},
mendeley-tags = {bib-tesi,block,doc-blocchi,pcbm,pt,pt ch2o,pt ossigeno,pv,xrd},
month = jan,
number = {3},
pages = {622--632},
title = {{Cooperative Assembly of Hydrogen-Bonded Diblock Copolythiophene/Fullerene Blends for Photovoltaic Devices with Well-Defined Morphologies and Enhanced Stability}},
url = {http://pubs.acs.org/doi/abs/10.1021/cm203706h},
volume = {24},
year = {2012}
}
@article{Liu2012,
author = {Liu, Jiangang and Han, Yanchun},
doi = {10.1007/s00289-012-0721-2},
file = {:home/ilario/Desktop/tesi5-2/articoli/compatibilizzanti.pdf:pdf},
isbn = {0028901207212},
issn = {0170-0839},
journal = {Polymer Bulletin},
keywords = {bib-tesi,pv,solar cells \'{a} additive,\'{a} phase separation,\'{a} polythiophene \'{a} crystallinity},
mendeley-tags = {bib-tesi,pv},
month = mar,
number = {8},
pages = {2145--2174},
title = {{The influence of additive property on performance of organic bulk heterojunction solar cells}},
url = {http://link.springer.com/10.1007/s00289-012-0721-2},
volume = {68},
year = {2012}
}
@article{Locke2010,
author = {Locke, Jonas R. and McNeil, Anne J.},
doi = {10.1021/ma102218y},
file = {:home/ilario/.local/share/data/Mendeley Ltd./Mendeley Desktop/Downloaded/Locke, McNeil - 2010 - Syntheses of Gradient $\pi$-Conjugated Copolymers of Thiophene.pdf:pdf},
issn = {0024-9297},
journal = {Macromolecules},
keywords = {1due,1uno,2proc,3due,bib-tesi,catena laterale,living,p,pt,pt ch2o,pt ossigeno,statistico},
mendeley-tags = {1due,1uno,2proc,3due,bib-tesi,catena laterale,living,p,pt,pt ch2o,pt ossigeno,statistico},
month = nov,
number = {21},
pages = {8709--8710},
title = {{Syntheses of Gradient $\pi$-Conjugated Copolymers of Thiophene}},
url = {http://pubs.acs.org/doi/abs/10.1021/ma102218y},
volume = {43},
year = {2010}
}
@article{Loewe2001,
author = {Loewe, Robert S. and Ewbank, Paul C. and Liu, Jinsong and Zhai, Lei and McCullough, Richard D.},
doi = {10.1021/ma001677+},
file = {:home/ilario/Desktop/tesi5-2/articoli/polimerizzazione/mccullough2001.pdf:pdf},
issn = {0024-9297},
journal = {Macromolecules},
keywords = {bib-tesi,pt,regioregolarita,zn},
mendeley-tags = {bib-tesi,pt,regioregolarita,zn},
month = jun,
number = {13},
pages = {4324--4333},
title = {{Regioregular, Head-to-Tail Coupled Poly(3-alkylthiophenes) Made Easy by the GRIM Method: Investigation of the Reaction and the Origin of Regioselectivity}},
url = {http://pubs.acs.org/doi/abs/10.1021/ma001677\%2B},
volume = {34},
year = {2001}
}
@article{Loewe1999,
author = {Loewe, Robert S. and Khersonsky, Sonya M. and McCullough, Richard D.},
doi = {10.1002/(SICI)1521-4095(199903)11:3<250::AID-ADMA250>3.0.CO;2-J},
file = {:home/ilario/Desktop/tesi5-2/articoli/polimerizzazione/MeOH e grignard monomero.pdf:pdf},
issn = {0935-9648},
journal = {Advanced Materials},
keywords = {bib-tesi,p,regioregolarita},
mendeley-tags = {bib-tesi,p,regioregolarita},
month = mar,
number = {3},
pages = {250--253},
title = {{A Simple Method to Prepare Head-to-Tail Coupled, Regioregular Poly(3-alkylthiophenes) Using Grignard Metathesis}},
url = {http://doi.wiley.com/10.1002/\%28SICI\%291521-4095\%28199903\%2911\%3A3\%3C250\%3A\%3AAID-ADMA250\%3E3.0.CO\%3B2-J},
volume = {11},
year = {1999}
}
@article{Lohmeijer2005,
author = {Lohmeijer, Bas G. G. and Schubert, Ulrich S.},
doi = {10.1002/pola.20967},
file = {:home/ilario/Desktop/tesi5-2/articoli/polimerizzazione/prima-nmrp-su-4vp.pdf:pdf},
issn = {0887-624X},
journal = {Journal of Polymer Science Part A: Polymer Chemistry},
keywords = {bib-tesi,end-group functionality,initiators,kinetics,living,nitroxide-mediated con-,nmrp,pv,terpyridine,tipno,trolled radical polymerization},
mendeley-tags = {bib-tesi,living,nmrp,pv,tipno},
month = dec,
number = {24},
pages = {6331--6344},
title = {{The LEGO toolbox: Supramolecular building blocks by nitroxide-mediated controlled radical polymerization}},
url = {http://doi.wiley.com/10.1002/pola.20967},
volume = {43},
year = {2005}
}
@article{Lohwasser2012,
author = {Lohwasser, Ruth H. and Thelakkat, Mukundan},
doi = {10.1021/ma2024733},
file = {:home/ilario/Desktop/tesi5-2/articoli/blocchi/blocchi-click-nmrp.pdf:pdf},
issn = {0024-9297},
journal = {Macromolecules},
keywords = {bib-tesi,block,click,nmrp,p,py,riferimento,rod coil},
mendeley-tags = {bib-tesi,block,click,nmrp,p,py,riferimento,rod coil},
month = apr,
number = {7},
pages = {3070--3077},
title = {{Synthesis of Amphiphilic Rod–Coil P3HT- b -P4VP Carrying a Long Conjugated Block Using NMRP and Click Chemistry}},
url = {http://pubs.acs.org/doi/abs/10.1021/ma2024733},
volume = {45},
year = {2012}
}
@article{Lohwasser2011,
author = {Lohwasser, Ruth H. and Thelakkat, Mukundan},
doi = {10.1021/ma200119s},
file = {:home/ilario/Desktop/tesi5-2/articoli/polimerizzazione/figo-tekkalat-p3ht.pdf:pdf},
issn = {0024-9297},
journal = {Macromolecules},
keywords = {bib-tesi,living,p,pt},
mendeley-tags = {bib-tesi,living,p,pt},
month = may,
number = {9},
pages = {3388--3397},
title = {{Toward Perfect Control of End Groups and Polydispersity in Poly(3-hexylthiophene) via Catalyst Transfer Polymerization}},
url = {http://pubs.acs.org/doi/abs/10.1021/ma200119s},
volume = {44},
year = {2011}
}
@article{Loi2001,
author = {Loi, M. A. and Cai, Q. and Chandrasekhar, H. R. and Chandrasekhar, M. and Graupner, W. and Bongiovanni, G. and Mura, A. and Botta, Chiara and Garnier, Francis},
doi = {10.1016/S0379-6779(00)00430-6},
file = {:home/ilario/Desktop/tesi5-2/articoli/sinterizzazione-sexitiofene.pdf:pdf},
issn = {03796779},
journal = {Synthetic Metals},
keywords = {bib-tesi,conjugated molecules,high pressure,intermolecular interaction,organic semiconductor based on,pt,raman spectroscopy},
mendeley-tags = {bib-tesi,pt},
month = jan,
number = {1-3},
pages = {321--326},
title = {{High pressure study of the intramolecular vibrational modes in sexithiophene single crystals}},
url = {http://linkinghub.elsevier.com/retrieve/pii/S0379677900004306},
volume = {116},
year = {2001}
}
@article{Maior1990,
author = {Maior, R. M. Souto and Hinkelmann, K. and Eckert, H. and Wudl, Fred},
doi = {10.1021/ma00207a008},
file = {:home/ilario/Desktop/tesi5-2/articoli/regioregolarita1990.pdf:pdf},
issn = {0024-9297},
journal = {Macromolecules},
keywords = {bib-tesi,pt,regioregolarita},
mendeley-tags = {bib-tesi,pt,regioregolarita},
month = sep,
number = {5},
pages = {1268--1279},
title = {{Synthesis and characterization of two regiochemically defined poly(dialkylbithiophenes): a comparative study}},
url = {http://pubs.acs.org/doi/abs/10.1021/ma00207a008},
volume = {23},
year = {1990}
}
@article{Mao2004,
author = {Mao, Yuxia and Wang, Yu and Lucht, Brett L.},
doi = {10.1002/pola.20375},
file = {:home/ilario/Desktop/tesi5-2/articoli/polimerizzazione/regioregolarita-temperatura.pdf:pdf},
issn = {0887-624X},
journal = {Journal of Polymer Science Part A: Polymer Chemistry},
keywords = {bib-tesi,conjugated polymers,pt,regioregolarita,synthesis,uv-visible spectroscopy},
mendeley-tags = {bib-tesi,pt,regioregolarita},
month = nov,
number = {21},
pages = {5538--5547},
title = {{Regiocontrolled synthesis of poly(3-alkylthiophene)s by Grignard metathesis}},
url = {http://doi.wiley.com/10.1002/pola.20375},
volume = {42},
year = {2004}
}
@article{Maria2008,
annote = {Usando la stessa NMRP ed aggiungendo altri monomeri fanno polimero a blocchi.},
author = {Maria, S. and Susha, A. S. and Sommer, Michael and Talapin, D. V. and Rogach, A. L. and Thelakkat, Mukundan},
file = {:home/ilario/.local/share/data/Mendeley Ltd./Mendeley Desktop/Downloaded/Maria et al. - 2008 - Semiconductor block copolymer nanocomposites with lamellar morphology via self-organization.pdf:pdf},
journal = {Macromolecules},
keywords = {bib-tesi,block,living,py,tipno},
mendeley-tags = {bib-tesi,block,living,py,tipno},
number = {16},
pages = {6081--6088},
publisher = {ACS Publications},
title = {{Semiconductor block copolymer nanocomposites with lamellar morphology via self-organization}},
url = {http://pubs.acs.org/doi/abs/10.1021/ma8007459},
volume = {41},
year = {2008}
}
@article{McCullough1992,
author = {McCullough, Richard D. and Lowe, Renae D.},
doi = {10.1039/c39920000070},
file = {:home/ilario/Desktop/tesi5-2/articoli/polimerizzazione/mccullough1992.pdf:pdf},
issn = {0022-4936},
journal = {Journal of the Chemical Society, Chemical Communications},
keywords = {bib-tesi,pt,regioregolarita},
mendeley-tags = {bib-tesi,pt,regioregolarita},
number = {1},
pages = {70},
title = {{Enhanced electrical conductivity in regioselectively synthesized poly(3-alkylthiophenes)}},
url = {http://pubs.rsc.org/en/content/articlehtml/1992/c3/c39920000070 http://xlink.rsc.org/?DOI=c39920000070},
year = {1992}
}
@article{McCullough1993a,
author = {McCullough, Richard D. and Lowe, Renae D. and Jayaraman, Manikandan and Anderson, Deborah L.},
doi = {10.1021/jo00056a024},
file = {:home/ilario/Desktop/tesi5-2/articoli/polimerizzazione/regioreg1993.pdf:pdf},
issn = {0022-3263},
journal = {The Journal of Organic Chemistry},
keywords = {bib-tesi,pt,regioregolarita},
mendeley-tags = {bib-tesi,pt,regioregolarita},
month = feb,
number = {4},
pages = {904--912},
title = {{Design, synthesis, and control of conducting polymer architectures: structurally homogeneous poly(3-alkylthiophenes)}},
url = {http://pubs.acs.org/doi/pdf/10.1021/jo00056a024},
volume = {58},
year = {1993}
}
@article{McCullough1993c,
abstract = {We have recently developed a regiospecific synthetic method that produces poly(3-alkylthiophenes) (PAT's) that, for the first time, contain almost exclusively head-to-tail (HT) couplings 1. Details on the synthesis, NMR characterization of structural regularity, UV-VIS data on solutions and thin films, and preliminary X-ray, electrical conductivity, and thermal data are presented herein. NMR spectral characterization reveals \&gt;93\% head-to-tail-head-to-tail (HT-HT) couplings in poly(3-butylthiophene) (PBT), poly(3-hexylthiophene) (PHT), poly(3-octylthiophene) (POT), and poly(3-dodecylthiophene) (PDDT). In the UV-VIS, these PAT's show lower energy absorption maximum shifts of up to 14 nm in solution, 46 nm in the solid state, and other intense lower energy peaks with shifts of up to 129 nm (609 nm) from PAT's prepared by the usual methods. X-ray analysis of unoriented (as cast) thin films of PHT on glass indicate a much more ordered structure than PHT made from FeCl3. It also appears that our unoriented PHT is at least as ordered as stretch oriented PHT. Preliminary maximum room temperature electrical conductivity values for PAT's (doped with I2) are 1000 S cm1 for PDDT, 200 S cm1 for POT, and 60 S cm1 for PHT. Thermal analysis of POT prepared by this method is also presented and these samples are found to be highly crystalline.},
author = {McCullough, Richard D. and Lowe, Renae D. and Jayaraman, Manikandan and Ewbank, Paul C. and Anderson, Deborah L. and Tristram-Nagle, Stephanie},
doi = {10.1016/0379-6779(93)90224-K},
file = {:home/ilario/Desktop/tesi5-2/articoli/regioregolarita1993.pdf:pdf},
issn = {03796779},
journal = {Synthetic Metals},
keywords = {bib-tesi,pt,regioregolarita},
mendeley-tags = {bib-tesi,pt,regioregolarita},
month = mar,
number = {2-3},
pages = {1198--1203},
title = {{Synthesis and physical properties of regiochemically well-defined, head-to-tail coupled poly(3-alkylthiophenes)}},
url = {http://www.sciencedirect.com/science/article/pii/037967799390224K http://linkinghub.elsevier.com/retrieve/pii/037967799390224K},
volume = {55},
year = {1993}
}
@article{McCullough1993,
author = {McCullough, Richard D. and Williams, Shawn P.},
doi = {10.1021/ja00077a074},
file = {:home/ilario/.local/share/data/Mendeley Ltd./Mendeley Desktop/Downloaded/McCullough, Williams - 1993 - Toward tuning electrical and optical properties in conjugated polymers using side-chains highly conductive.pdf:pdf},
issn = {0002-7863},
journal = {Journal of the American Chemical Society},
keywords = {bib-tesi,catena laterale,monomeri,non grim,pt ch2o,pt ossigeno},
mendeley-tags = {bib-tesi,catena laterale,monomeri,non grim,pt ch2o,pt ossigeno},
month = dec,
number = {24},
pages = {11608--11609},
publisher = {ACS Publications},
title = {{Toward tuning electrical and optical properties in conjugated polymers using side-chains: highly conductive head-to-tail, heteroatom functionalized polythiophenes}},
url = {http://pubs.acs.org/doi/abs/10.1021/ja00077a074},
volume = {115},
year = {1993}
}
@article{McCullogh1995,
author = {McCullough, Richard D. and Williams, Shawn P. and Tristram-Nagle, Stephanie and Jayaraman, Manikandan and Ewbank, Paul C. and Miller, Lynnette},
doi = {10.1016/0379-6779(94)02449-9},
file = {:home/ilario/Desktop/tesi5-2/articoli/polimerizzazione/regioregolarita1995catenelaterali.pdf:pdf},
issn = {03796779},
journal = {Synthetic Metals},
keywords = {bib-tesi,pt,regioregolarita},
mendeley-tags = {bib-tesi,pt,regioregolarita},
month = mar,
number = {1-3},
pages = {279--282},
title = {{The first synthesis and new properties of regioregular, head-to-tail coupled polythiophenes}},
url = {http://www.sciencedirect.com/science/article/pii/0379677994024499 http://linkinghub.elsevier.com/retrieve/pii/0379677994024499},
volume = {69},
year = {1995}
}
@article{McGinty2010,
abstract = {A toxicologic and dermatologic review of 2-methylbutanol when used as a fragrance ingredient is presented. 2-Methylbutanol is a member of the fragrance structural group branched chain saturated alcohols. The common characteristic structural elements of the alcohols with saturated branched chain are one hydroxyl group per molecule, and a C(4)-C(12) carbon chain with one or several methyl side chains. This review contains a detailed summary of all available toxicology and dermatology papers that are related to this individual fragrance ingredient and is not intended as a stand-alone document. A safety assessment of the entire branched chain saturated alcohol group will be published simultaneously with this document; please refer to Belsito et al., 2010 for an overall assessment of the safe use of this material and all other branched chain saturated alcohols in fragrances.},
author = {McGinty, D. and Scognamiglio, J. and Letizia, C. S. and Api, A. M.},
doi = {10.1016/j.fct.2010.05.039},
file = {:home/ilario/Desktop/tesi5-2/articoli/sapore\_alcohol.pdf:pdf},
issn = {1873-6351},
journal = {Food and chemical toxicology : an international journal published for the British Industrial Biological Research Association},
keywords = {Allergic Contact,Animals,Dermatitis,Eye Injuries,Eye Injuries: chemically induced,Humans,Pentanols,Pentanols: chemistry,Pentanols: toxicity,Perfume,Perfume: chemistry,Perfume: toxicity,Phototoxic,bib-tesi},
mendeley-tags = {bib-tesi},
month = jul,
pages = {S97--101},
pmid = {20659647},
publisher = {Elsevier Ltd},
title = {{Fragrance material review on 2-methylbutanol}},
url = {http://www.ncbi.nlm.nih.gov/pubmed/20659647 http://www.sciencedirect.com/science/article/pii/S0278691510003157},
volume = {48 Suppl 4},
year = {2010}
}
@article{Miyakoshi2006,
abstract = {To examine whether catalyst-transfer polycondensation, which affords well-defined polythiophenes, has generality for other conjugated polymers, the synthesis of poly(p-phenylene) (PPP) with various Ni catalysts was investigated. Monomer 1, 1-bromo-4-chloromagnesio-2,5-dihexyloxybenzene, was polymerized with Ni(dppe)Cl2 in the presence of equimolar LiCl to give PPP with a narrow polydispersity. The number-average molecular weight (Mn) of PPP thus obtained increased in proportion to the conversion of 1, indicating that this polymerization also proceeded in a chain-growth polymerization manner. Furthermore, the molecular weight of PPP was controlled by the feed ratio of 1 to the Ni catalyst up to at least Mn = 30000.},
author = {Miyakoshi, Ryo and Shimono, Kyohei and Yokoyama, Akihiro and Yokozawa, Tsutomu},
doi = {10.1021/ja067107s},
file = {:home/ilario/Desktop/tesi5-2/articoli/reazioni/grignard/licl-ppp.pdf:pdf},
issn = {0002-7863},
journal = {Journal of the American Chemical Society},
keywords = {bib-tesi},
mendeley-tags = {bib-tesi},
month = dec,
number = {50},
pages = {16012--3},
pmid = {17165735},
title = {{Catalyst-transfer polycondensation for the synthesis of poly(p-phenylene) with controlled molecular weight and low polydispersity.}},
url = {http://www.ncbi.nlm.nih.gov/pubmed/17165735},
volume = {128},
year = {2006}
}
@article{Miyakoshi2005,
abstract = {We studied the mechanism of the chain-growth polymerization of 2-bromo-5-chloromagnesio-3-hexylthiophene (1) with Ni(dppp)Cl2 [dppp = 1,3-bis(diphenylphosphino)propane], in which head-to-tail poly(3-hexylthiophene) (HT-P3HT) with a low polydispersity is obtained and the M(n) is controlled by the feed ratio of the monomer to the Ni catalyst. Matrix-assisted laser desorption ionization time-of-flight (MALDI-TOF) mass spectra showed that the HT-P3HT uniformly had a hydrogen atom at one end of each molecule and a bromine atom at the other. The reaction of the polymer with aryl Grignard reagent gave HT-P3HT with aryl groups at both ends, which indicates that the H-end was derived from the propagating Ni complex. The degree of polymerization and the absolute molecular weight of the polymer could be evaluated from the 1H NMR spectra of the Ar/Ar-ended HT-P3HT, and it was found that one Ni catalyst molecule forms one polymer chain. Furthermore, by reaction of 1 with 50 mol \% Ni(dppp)Cl2, the chain initiator was found to be a bithiophene-Ni complex, formed by a coupling reaction of 1 followed by insertion of the Ni(0) catalyst into the C-Br bond of the dimer. On the basis of these results, we propose that this chain-growth polymerization involves the coupling reaction of 1 with the polymer via the Ni catalyst, which is transferred intramolecularly to the terminal C-Br bond of the elongated molecule. We call this mechanism "catalyst-transfer polycondensation".},
author = {Miyakoshi, Ryo and Yokoyama, Akihiro and Yokozawa, Tsutomu},
doi = {10.1021/ja0556880},
file = {:home/ilario/.local/share/data/Mendeley Ltd./Mendeley Desktop/Downloaded/Miyakoshi, Yokoyama, Yokozawa - 2005 - Catalyst-transfer polycondensation. mechanism of Ni-catalyzed chain-growth polymerization leading.pdf:pdf},
issn = {0002-7863},
journal = {Journal of the American Chemical Society},
keywords = {bib-tesi,living,p,pt},
mendeley-tags = {bib-tesi,living,p,pt},
month = dec,
number = {49},
pages = {17542--7},
pmid = {16332106},
title = {{Catalyst-transfer polycondensation. mechanism of Ni-catalyzed chain-growth polymerization leading to well-defined poly(3-hexylthiophene).}},
url = {http://www.ncbi.nlm.nih.gov/pubmed/16332106 http://pubs.acs.org/doi/abs/10.1021/ja0556880},
volume = {127},
year = {2005}
}
@article{Miyakoshi2004,
author = {Miyakoshi, Ryo and Yokoyama, Akihiro and Yokozawa, Tsutomu},
doi = {10.1002/marc.200400281},
file = {:home/ilario/Desktop/tesi5-2/articoli/polimerizzazione/communication living2.pdf:pdf},
issn = {1022-1336},
journal = {Macromolecular Rapid Communications},
keywords = {bib-tesi,catalysts,chain growth polymerization,conducting polymers,living,p,polydispersity,polythiophenes,pt},
mendeley-tags = {bib-tesi,living,p,pt},
month = oct,
number = {19},
pages = {1663--1666},
title = {{Synthesis of Poly(3-hexylthiophene) with a Narrower Polydispersity}},
url = {http://doi.wiley.com/10.1002/marc.200400281},
volume = {25},
year = {2004}
}
@article{Mougnier2012,
author = {Mougnier, S\'{e}bastien-Jun and Brochon, Cyril and Cloutet, Eric and Magnet, St\'{e}phanie and Navarro, Christophe and Hadziioannou, Georges},
doi = {10.1002/pola.26023},
file = {:home/ilario/Desktop/tesi5-2/articoli/blocchi/from-nmrp-politiofene-allile-polianilina.pdf:pdf},
issn = {0887624X},
journal = {Journal of Polymer Science Part A: Polymer Chemistry},
keywords = {a growing interest in,bib-tesi,block,block copolymers,conjugated polymers,demand for renewable,doc-blocchi,energy sources has generated,graft from,introduction the increasing global,macroinitiator,nitroxide-mediated radical polymerization,nmrp,p,polymer,radical polymerization,rbr,rod coil},
mendeley-tags = {bib-tesi,block,doc-blocchi,graft from,nmrp,p,rbr,rod coil},
month = jun,
number = {12},
pages = {2463--2470},
title = {{Facile and versatile synthesis of rod-coil poly(3-hexylthiophene)-based block copolymers by nitroxide-mediated radical polymerization}},
url = {http://doi.wiley.com/10.1002/pola.26023},
volume = {50},
year = {2012}
}
@article{Nilsson2004,
abstract = {The self-assembly of a negatively charged conjugated polythiophene derivative and a positively charged synthetic peptide will create a chiral, well ordered supermolecule. This supermolecule has the three-dimensional ordered structure of a biomolecule and the electronic properties of a conjugated polymer. The molecular complex being formed clearly affects the conformation of the polymer backbone. A main-chain chirality, such as a predominantly one-handed helical structure induced by the acid-base complexation between the conjugated polymer and the synthetic peptide, is seen. The alteration of the polymer backbone influences the optical properties of the polymer, seen as changes in the absorption, emission, and Raman spectra of the polymer. The complexation of the polythiophene and the synthetic peptide also induce a change from random-coil to helical structure of the synthetic peptide. The supermolecule described in this article may be used in a wide range of applications such as biomolecular devices, artificial enzymes, and biosensors.},
author = {Nilsson, K. Peter R. and Rydberg, Johan and Baltzer, Lars and Ingan\"{a}s, Olle},
doi = {10.1073/pnas.0401853101},
file = {:home/ilario/Desktop/tesi5-2/articoli/chirale/peptidi-inducono-chiralita-in-tiofene.pdf:pdf},
isbn = {0401853101},
issn = {0027-8424},
journal = {Proceedings of the National Academy of Sciences of the United States of America},
keywords = {Amino Acid Sequence,Biosensing Techniques,Biotechnology,Biotechnology: methods,Enzymes,Enzymes: chemistry,Molecular Sequence Data,Polymers,Polymers: chemistry,Protein Structure,Raman,Secondary,Spectrum Analysis,Thiophenes,Thiophenes: chemistry,aggregazione,bib-tesi,chirale,pt},
mendeley-tags = {aggregazione,bib-tesi,chirale,pt},
month = aug,
number = {31},
pages = {11197--202},
pmid = {15280547},
title = {{Twisting macromolecular chains: self-assembly of a chiral supermolecule from nonchiral polythiophene polyanions and random-coil synthetic peptides.}},
url = {http://www.pubmedcentral.nih.gov/articlerender.fcgi?artid=509183\&tool=pmcentrez\&rendertype=abstract},
volume = {101},
year = {2004}
}
@article{ADMA:ADMA19950070709,
abstract = {$\alpha$-thiophene octamer ($\alpha$-8T) is shown to be a suitable materials for application as the p-type semiconductor component in photovoltaic devices. Combined with a perylene pigment as the n-type semicondctor, the $\alpha$-8T is used to produce a pn heterojunction cell which exhibits a fill factor of 0.5 ad a conversion efficiency of 0.6\% for irradiation of while light, a performance comparable to that reported for copper- and titanyl-phthalocyanine-based devices. The application of $\alpha$-8T would allow vacuum deposition techniques to be used in the production of the cells.},
author = {Noma, Naoki and Tsuzuki, Toshimitsu and Shirota, Yasuhiko},
doi = {10.1002/adma.19950070709},
file = {:home/ilario/Desktop/tesi5-2/articoli/pv-pt-1995.pdf:pdf},
issn = {1521-4095},
journal = {Advanced Materials},
keywords = {bib-tesi,pt,pv},
mendeley-tags = {bib-tesi,pt,pv},
number = {7},
pages = {647--648},
publisher = {WILEY-VCH Verlag GmbH},
title = {{$\alpha$-Thiophene octamer as a new class of photo-active material for photoelectrical conversion}},
url = {http://dx.doi.org/10.1002/adma.19950070709},
volume = {7},
year = {1995}
}
@article{Ohmori1991,
author = {Ohmori, Y. and Uchida, Masao and Muro, Keiro and Yoshino, Katsumi},
doi = {10.1016/0038-1098(91)90161-N},
file = {:home/ilario/Desktop/tesi5-2/articoli/led1991.pdf:pdf},
issn = {00381098},
journal = {Solid State Communications},
keywords = {bib-tesi,led,pt},
mendeley-tags = {bib-tesi,led,pt},
month = nov,
number = {8},
pages = {605--608},
title = {{Effects of alkyl chain length and carrier confinement layer on characteristics of poly(3-alkylthiophene) electroluminescent diodes}},
url = {http://www.sciencedirect.com/science/article/pii/003810989190161N http://linkinghub.elsevier.com/retrieve/pii/003810989190161N},
volume = {80},
year = {1991}
}
@article{Ohshimizu2008,
author = {Ohshimizu, Kaoru and Ueda, Mitsuru},
doi = {10.1021/ma8005894},
file = {:home/ilario/.local/share/data/Mendeley Ltd./Mendeley Desktop/Downloaded/Ohshimizu, Ueda - 2008 - Well-Controlled Synthesis of Block Copolythiophenes.pdf:pdf},
isbn = {8135734212},
issn = {0024-9297},
journal = {Macromolecules},
keywords = {bib-tesi,monomeri,p,pt,pt ch2o,pt ossigeno,regioregolarita},
mendeley-tags = {bib-tesi,monomeri,p,pt,pt ch2o,pt ossigeno,regioregolarita},
month = jul,
number = {14},
pages = {5289--5294},
publisher = {ACS Publications},
title = {{Well-Controlled Synthesis of Block Copolythiophenes}},
url = {http://pubs.acs.org/doi/abs/10.1021/ma8005894},
volume = {41},
year = {2008}
}
@article{Ono2012,
author = {Ono, Robert J. and Kang, Songsu and Bielawski, Christopher W.},
doi = {10.1021/ma300013e},
file = {:home/ilario/Desktop/tesi5-2/articoli/polimerizzazione/kctp con monomerone.pdf:pdf},
issn = {0024-9297},
journal = {Macromolecules},
keywords = {bib-tesi,living,monomeri,p},
mendeley-tags = {bib-tesi,living,monomeri,p},
month = mar,
number = {5},
pages = {2321--2326},
title = {{Controlled Chain-Growth Kumada Catalyst Transfer Polycondensation of a Conjugated Alternating Copolymer}},
url = {http://pubs.acs.org/doi/abs/10.1021/ma300013e},
volume = {45},
year = {2012}
}
@article{Palaniappan2011,
author = {Palaniappan, Kumaranand and Hundt, Nadia and Sista, Prakash and Nguyen, Hien and Hao, Jing and Bhatt, Mahesh P. and Han, Yun-Yue and Schmiedel, Elizabeth A. and Sheina, Elena E. and Biewer, Michael C. and Stefan, Mihaela C.},
doi = {10.1002/pola.24605},
file = {:home/ilario/.local/share/data/Mendeley Ltd./Mendeley Desktop/Downloaded/Palaniappan et al. - 2011 - Block copolymer containing poly(3-hexylthiophene) and poly(4-vinylpyridine) Synthesis and its interaction wi.pdf:pdf},
issn = {0887624X},
journal = {Journal of Polymer Science Part A: Polymer Chemistry},
keywords = {3-hexylthiophene,4-vinylpyri-,afm,atomic force microscopy,bib-tesi,block,block copolymers,cdse,diblock copolymers,dine,doc-blocchi,graft from,living,poly,py,quantum dots,raft,reversible addition fragmentation chain,rod coil,semiconducting polymers,transfer},
mendeley-tags = {bib-tesi,block,cdse,doc-blocchi,graft from,living,py,raft,rod coil},
month = apr,
number = {8},
pages = {1802--1808},
title = {{Block copolymer containing poly(3-hexylthiophene) and poly(4-vinylpyridine): Synthesis and its interaction with CdSe quantum dots for hybrid organic applications}},
url = {http://doi.wiley.com/10.1002/pola.24605},
volume = {49},
year = {2011}
}
@article{Peumans2000,
author = {Peumans, P. and Bulović, V. and Forrest, S. R.},
doi = {10.1063/1.126433},
file = {:home/ilario/Desktop/tesi5-2/articoli/bilayer2000.pdf:pdf},
issn = {00036951},
journal = {Applied Physics Letters},
keywords = {bib-tesi,pv},
mendeley-tags = {bib-tesi,pv},
number = {19},
pages = {2650},
title = {{Efficient photon harvesting at high optical intensities in ultrathin organic double-heterostructure photovoltaic diodes}},
url = {http://link.aip.org/link/APPLAB/v76/i19/p2650/s1\&Agg=doi},
volume = {76},
year = {2000}
}
@book{REN212013,
address = {Paris},
author = {REN21},
file = {:home/ilario/Desktop/tesi5-2/articoli/GSR2013\_lowres.pdf:pdf},
institution = {REN21},
isbn = {978-3-9815934-0-2},
keywords = {bib-tesi,pv},
mendeley-tags = {bib-tesi,pv},
publisher = {REN21 Secretariat},
title = {{Renewables 2013 Global Status Report}},
url = {http://ren21.net/Portals/0/documents/Resources/GSR/2013/GSR2013\_lowres.pdf},
year = {2013}
}
@article{Richard2008,
author = {Richard, Fanny and Brochon, Cyril and Leclerc, Nicolas and Eckhardt, Doreen and Heiser, Thomas and Hadziioannou, Georges},
doi = {10.1002/marc.200800104},
file = {:home/ilario/Desktop/tesi5-2/articoli/blocchi/kumada-nmrp-from.pdf:pdf},
issn = {10221336},
journal = {Macromolecular Rapid Communications},
keywords = {bib-tesi,block,graft from,nmrp,p},
mendeley-tags = {bib-tesi,block,graft from,nmrp,p},
month = jun,
number = {11},
pages = {885--891},
title = {{Design of a Linear Poly(3-hexylthiophene)/Fullerene-Based Donor-Acceptor Rod-Coil Block Copolymer}},
url = {http://doi.wiley.com/10.1002/marc.200800104},
volume = {29},
year = {2008}
}
@article{Saito2005,
author = {Saito, Fumihiko and Takeoka, Yuko and Rikukawa, Masahiro},
doi = {10.1016/j.synthmet.2005.07.139},
file = {:home/ilario/.local/share/data/Mendeley Ltd./Mendeley Desktop/Downloaded/Saito, Takeoka, Rikukawa - 2005 - Synthesis of optically active regioregular poly (thiophene).pdf:pdf},
issn = {03796779},
journal = {Synthetic metals},
keywords = {bib-tesi,chirale,non grim,non living,p,pt,pt ossigeno,rieke,zn},
mendeley-tags = {bib-tesi,chirale,non grim,non living,p,pt,pt ossigeno,rieke,zn},
month = sep,
number = {1-3},
pages = {125--128},
title = {{Synthesis of optically active regioregular poly (thiophene)}},
url = {http://linkinghub.elsevier.com/retrieve/pii/S0379677905003589 http://www.sciencedirect.com/science/article/pii/S0379677905003589},
volume = {153},
year = {2005}
}
@article{Salatelli2010,
author = {Salatelli, Elisabetta and Angiolini, Luigi and Brazzi, A.},
doi = {10.1002/chir.20900},
file = {:home/ilario/.local/share/data/Mendeley Ltd./Mendeley Desktop/Downloaded/Salatelli, Angiolini, Brazzi - 2010 - Chirality induced by microaggregation of regioregular polythiophenes with side-chain optically act.pdf:pdf},
journal = {Chirality},
keywords = {3-alkylthiophene,bib-tesi,chirale,elettrochimica,non grim,non living,optical activity,oxidative polymerization,p,pt,pt ossigeno,regioregular poly,s},
mendeley-tags = {bib-tesi,chirale,elettrochimica,non grim,non living,p,pt,pt ossigeno},
number = {November 2009},
pages = {74--80},
publisher = {Wiley Online Library},
title = {{Chirality induced by microaggregation of regioregular polythiophenes with side-chain optically active substituent}},
url = {http://onlinelibrary.wiley.com/doi/10.1002/chir.20900/full},
volume = {80},
year = {2010}
}
@article{Samitsu2008a,
author = {Samitsu, Sadaki and Shimomura, Takeshi and Heike, Seiji and Hashizume, Tomihiro and Ito, Kohzo},
doi = {10.1021/ma801128v},
file = {:home/ilario/Desktop/tesi5-2/articoli/regioregolarita-nanofili2.pdf:pdf},
issn = {0024-9297},
journal = {Macromolecules},
keywords = {bib-tesi,pt,regioregolarita},
mendeley-tags = {bib-tesi,pt,regioregolarita},
month = nov,
number = {21},
pages = {8000--8010},
title = {{Effective Production of Poly(3-alkylthiophene) Nanofibers by means of Whisker Method using Anisole Solvent: Structural, Optical, and Electrical Properties}},
url = {http://pubs.acs.org/doi/abs/10.1021/ma801128v},
volume = {41},
year = {2008}
}
@article{Samitsu2008,
author = {Samitsu, Sadaki and Shimomura, Takeshi and Ito, Kohzo},
doi = {10.1016/j.tsf.2007.04.058},
file = {:home/ilario/Desktop/tesi5-2/articoli/regioregolarita-nanofili.pdf:pdf},
issn = {00406090},
journal = {Thin Solid Films},
keywords = {atomic force microscopy,bib-tesi,conducting polymer,conductivity measurement,nanofiber,pt,regioregolarita},
mendeley-tags = {bib-tesi,pt,regioregolarita},
month = mar,
number = {9},
pages = {2478--2486},
title = {{Nanofiber preparation by whisker method using solvent-soluble conducting polymers}},
url = {http://linkinghub.elsevier.com/retrieve/pii/S0040609007006530},
volume = {516},
year = {2008}
}
@article{Sary2010a,
author = {Sary, Nicolas and Richard, Fanny and Brochon, Cyril and Leclerc, Nicolas and L\'{e}v\^{e}que, Patrick and Audinot, Jean-Nicolas and Berson, Solenn and Heiser, Thomas and Hadziioannou, Georges and Mezzenga, Raffaele},
doi = {10.1002/adma.200902645},
file = {:home/ilario/.local/share/data/Mendeley Ltd./Mendeley Desktop/Downloaded/Sary et al. - 2010 - A New Supramolecular Route for Using Rod-Coil Block Copolymers in Photovoltaic Applications.pdf:pdf},
journal = {Advanced Materials},
keywords = {bib-tesi,block,graft onto,py,riferimento,rod coil},
mendeley-tags = {bib-tesi,block,graft onto,py,riferimento,rod coil},
number = {6},
pages = {763--768},
publisher = {Wiley Online Library},
title = {{A New Supramolecular Route for Using Rod-Coil Block Copolymers in Photovoltaic Applications}},
url = {http://onlinelibrary.wiley.com/doi/10.1002/adma.200902645/full},
volume = {22},
year = {2010}
}
@article{Saunders2008,
abstract = {The need to develop and deploy large-scale, cost-effective, renewable energy is becoming increasingly important. In recent years photovoltaic (PV) cells based on nanoparticles blended with semiconducting polymers have achieved good power conversion efficiencies (PCE). All the nanoparticle types used in these PV cells can be considered as colloids. These include spherical, rod-like or branched organic or inorganic nanoparticles. Nanoparticle-polymer PV cells have the long-term potential to provide low cost, high-efficiency renewable energy. The maximum PCE achieved to date is about 5.5\%. This value should rise as recently reported theoretical predictions suggest 10\% is achievable. However, there are a number of challenges that remain to be overcome. In this review two general types of nanoparticle-polymer PV cells are considered and compared in detail. The organic nanoparticle-polymer PV cells contain fullerene derivatives (e.g., phenyl C61-butyric acid methyl ester, PCBM) or single-walled nanotubes as the nanoparticle phase. The second type is hybrid inorganic nanoparticle-polymer PV cells. These contain semiconducting nanoparticles that include CdSe, ZnO or PbS. The structure-property relationships that apply to both the polymer and nanoparticle phases are considered. The principles underlying nanoparticle-polymer PV cell operation are also discussed. An outcome of consideration of the literature in both areas are two sets of assembly conditions that are suggested for constructing PCBM-P3HT (P3HT is poly(3-hexylthiophene)) or CdSe-P3HT PV cells with reasonable power conversion efficiency. The maximum PCE reported for organic nanoparticle PV cells is about twice that for inorganic nanoparticle-polymer PV cells. This appears to be related to morphological differences between the respective photoactive layers. The morphological differences are attributed to differences in the colloidal stability of the nanoparticle/polymer/solvent mixtures used to prepare the photoactive layers. The principles controlling the colloid stability of the nanoparticle/polymer/solvent mixtures are discussed.},
author = {Saunders, Brian R. and Turner, Michael L.},
doi = {10.1016/j.cis.2007.09.001},
file = {:home/ilario/Desktop/tesi5-2/articoli/fv-all - Nps-polymer PV cells.pdf:pdf},
issn = {0001-8686},
journal = {Advances in colloid and interface science},
keywords = {3-hexylthiophene,bib-tesi,cdse,nanoparticles,pcbm,photovoltaic cells,poly,pv,zno},
mendeley-tags = {bib-tesi,pv},
month = apr,
number = {1},
pages = {1--23},
pmid = {17976501},
title = {{Nanoparticle-polymer photovoltaic cells.}},
url = {http://www.ncbi.nlm.nih.gov/pubmed/17976501},
volume = {138},
year = {2008}
}
@article{Scharber2006,
author = {Scharber, M. C. and M\"{u}hlbacher, D. and Koppe, M. and Denk, P. and Waldauf, C. and Heeger, A. J. and Brabec, C. J.},
doi = {10.1002/adma.200501717},
file = {:home/ilario/Desktop/tesi5-2/articoli/pv-verso\_il\_10percento.pdf:pdf},
issn = {0935-9648},
journal = {Advanced Materials},
keywords = {bib-tesi,pv},
mendeley-tags = {bib-tesi,pv},
month = mar,
number = {6},
pages = {789--794},
title = {{Design Rules for Donors in Bulk-Heterojunction Solar Cells—Towards 10 \% Energy-Conversion Efficiency}},
url = {http://doi.wiley.com/10.1002/adma.200501717},
volume = {18},
year = {2006}
}
@article{Schlaad2004,
author = {Schlaad, Helmut and Smarsly, Bernd and Losik, Magdalena},
doi = {10.1021/ma035819m},
file = {:home/ilario/Desktop/tesi5-2/articoli/polidispersita-rodcoil.pdf:pdf},
issn = {0024-9297},
journal = {Macromolecules},
keywords = {bib-tesi,block},
mendeley-tags = {bib-tesi,block},
month = mar,
number = {6},
pages = {2210--2214},
title = {{The Role of Chain-Length Distribution in the Formation of Solid-State Structures of Polypeptide-Based Rod-Coil Block Copolymers}},
url = {http://pubs.acs.org/doi/abs/10.1021/ma035819m},
volume = {37},
year = {2004}
}
@article{Scott1969,
author = {Scott, Donald W.},
doi = {10.1016/0022-2852(69)90374-9},
file = {:home/ilario/Desktop/tesi5-2/articoli/vibrational1969.pdf:pdf},
issn = {00222852},
journal = {Journal of Molecular Spectroscopy},
keywords = {bib-tesi,pt},
mendeley-tags = {bib-tesi,pt},
month = jan,
number = {1-13},
pages = {451--463},
title = {{A valence force field for thiophene and its deuterium and methyl derivatives}},
url = {http://www.sciencedirect.com/science/article/pii/0022285269903749 http://linkinghub.elsevier.com/retrieve/pii/0022285269903749},
volume = {31},
year = {1969}
}
@article{Senkovskyy2009,
abstract = {Herein, we present a new paradigm in the engineering of nanostructured hybrids between conjugated polymer and inorganic materials via a chain-growth surface-initiated Kumada catalyst-transfer polycondensation (SI-KCTP) from particles. Poly(3-hexylthiophene), P3HT, a benchmark material for organic electronics, was selectively grown by SI-KCTP from (nano)particles bearing surface-immobilized Ni catalysts supported by bidentate phosphorus ligands, that resulted in hairy (nano)particles with end-tethered P3HT chains. Densely grafted P3HT chains exhibit strongly altered optical properties compared to the untethered counterparts (red shift and vibronic fine structure in absorption and fluorescence spectra), as a result of efficient planarization and chain-aggregation. These effects are observed in solvents that are normally recognized as good solvents for P3HT (e.g., tetrahydrofurane). We attribute this to strong interchain interactions within densely grafted P3HT chains, which can be tuned by changing the surface curvature (or size) of the supporting particle. The hairy P3HT nanoparticles were successfully applied in bulk heterojunction solar cells.},
author = {Senkovskyy, Volodymyr and Tkachov, Roman and Beryozkina, Tetyana and Komber, Hartmut and Oertel, Ulrich and Horecha, Marta and Bocharova, Vera and Stamm, Manfred and Gevorgyan, Suren A. and Krebs, Frederik C. and Kiriy, Anton},
doi = {10.1021/ja904885w},
file = {:home/ilario/Desktop/tesi5-2/articoli/blocchi/tipno-dppp/ja904885w.pdf:pdf},
issn = {1520-5126},
journal = {Journal of the American Chemical Society},
keywords = {Catalysis,Nanostructures,Nanostructures: chemistry,Nickel,Nickel: chemistry,Particle Size,Surface Properties,Thiophenes,Thiophenes: chemical synthesis,Thiophenes: chemistry,bib-tesi,graft from,nmrp,pt},
mendeley-tags = {bib-tesi,graft from,nmrp,pt},
month = dec,
number = {45},
pages = {16445--53},
pmid = {19860410},
title = {{Hairy poly(3-hexylthiophene) particles prepared via surface-initiated Kumada catalyst-transfer polycondensation.}},
url = {http://www.ncbi.nlm.nih.gov/pubmed/19860410},
volume = {131},
year = {2009}
}
@misc{SharpCorporation2013,
author = {{Sharp Corporation}},
keywords = {bib-tesi,pv},
mendeley-tags = {bib-tesi,pv},
title = {{Sharp Develops Solar Cell with World's Highest Conversion Efficiency of 37.9\%}},
url = {http://sharp-world.com/corporate/news/130424.html},
year = {2013}
}
@article{Sheina2004,
author = {Sheina, Elena E. and Liu, Jinsong and Iovu, Mihaela Corina and Laird, Darin W. and McCullough, Richard D.},
doi = {10.1021/ma0357063},
file = {:home/ilario/Desktop/tesi5-2/articoli/polimerizzazione/chain2004mccullough.pdf:pdf},
issn = {0024-9297},
journal = {Macromolecules},
keywords = {bib-tesi,living,pt},
mendeley-tags = {bib-tesi,living,pt},
month = may,
number = {10},
pages = {3526--3528},
title = {{Chain Growth Mechanism for Regioregular Nickel-Initiated Cross-Coupling Polymerizations}},
url = {http://pubs.acs.org/doi/abs/10.1021/ma0357063},
volume = {37},
year = {2004}
}
@article{Shi2006,
author = {Shi, Chenjun and Yao, Yan and Yang, Yang and Pei, Qibing},
file = {:home/ilario/.local/share/data/Mendeley Ltd./Mendeley Desktop/Downloaded/Shi et al. - 2006 - Regioregular copolymers of 3-alkoxythiophene and their photovoltaic application.pdf:pdf},
journal = {Journal of the American Chemical Society},
keywords = {bib-tesi,block,pt,pt ossigeno,regioregolarita,statistico},
mendeley-tags = {bib-tesi,block,pt,pt ossigeno,regioregolarita,statistico},
number = {27},
pages = {8980--8986},
publisher = {ACS Publications},
title = {{Regioregular copolymers of 3-alkoxythiophene and their photovoltaic application}},
url = {http://pubs.acs.org/doi/abs/10.1021/ja061664x},
volume = {128},
year = {2006}
}
@article{Stalmach2001,
author = {Stalmach, Ulf and de Boer, Bert and Post, Alice D. and van Hutten, Paul F. and Hadziioannou, Georges},
doi = {10.1002/1521-3757(20010119)113:2<442::AID-ANGE442>3.0.CO;2-R},
file = {:home/ilario/Desktop/tesi5-2/articoli/reazioni/tipno-bromurazione e coupling.pdf:pdf},
issn = {0044-8249},
journal = {Angewandte Chemie},
keywords = {bib-tesi},
mendeley-tags = {bib-tesi},
month = jan,
number = {2},
pages = {442--444},
title = {{Synthesis of a Conjugated Macromolecular Initiator for Nitroxide-Mediated Free Radical Polymerization}},
url = {http://onlinelibrary.wiley.com/doi/10.1002/1521-3757(20010119)113:2\%3C442::AID-ANGE442\%3E3.0.CO;2-R/full http://doi.wiley.com/10.1002/1521-3757\%2820010119\%29113\%3A2\%3C442\%3A\%3AAID-ANGE442\%3E3.0.CO\%3B2-R},
volume = {113},
year = {2001}
}
@article{Sun2011,
annote = {anionica grafting from di polivinil piridina partendo da polifluorene},
author = {Sun, Han-Sheng and Lee, Chia-Hao and Lai, Chia-Sheng and Chen, Hsin-Lung and Tung, Shih-Huang and Chen, Wen-Chang},
doi = {10.1039/c0sm01385d},
file = {:home/ilario/.local/share/data/Mendeley Ltd./Mendeley Desktop/Downloaded/Sun et al. - 2011 - Self-assembled structures in rod-coil block copolymers with hydrogen-bonded amphiphiles.pdf:pdf},
issn = {1744-683X},
journal = {Soft Matter},
keywords = {anionica,bib-tesi,block,fluorene,graft from,living,py},
mendeley-tags = {anionica,bib-tesi,block,fluorene,graft from,living,py},
number = {9},
pages = {4198},
title = {{Self-assembled structures in rod-coil block copolymers with hydrogen-bonded amphiphiles}},
url = {http://xlink.rsc.org/?DOI=c0sm01385d},
volume = {7},
year = {2011}
}
@article{Takahashi2010,
author = {Takahashi, Ayumi and Rho, Yecheol and Higashihara, Tomoya and Ahn, Byungcheol and Ree, Moonhor and Ueda, Mitsuru},
doi = {10.1021/ma100957q},
file = {:home/ilario/Desktop/tesi5-2/articoli/reazioni/grignard/licl-p3ht.pdf:pdf},
isbn = {8135734212},
issn = {0024-9297},
journal = {Macromolecules},
keywords = {bib-tesi,pt},
mendeley-tags = {bib-tesi,pt},
month = jun,
number = {11},
pages = {4843--4852},
title = {{Preparation of Nanoporous Poly(3-hexylthiophene) Films Based on a Template System of Block Copolymers via Ionic Interaction}},
url = {http://pubs.acs.org/doi/abs/10.1021/ma100957q},
volume = {43},
year = {2010}
}
@article{Tamborski1971,
author = {Tamborski, Christ and Moore, George J.},
doi = {10.1016/S0022-328X(00)84764-6},
file = {:home/ilario/Desktop/tesi5-2/articoli/reazioni/grignard/grim1971.pdf:pdf},
issn = {0022328X},
journal = {Journal of Organometallic Chemistry},
keywords = {bib-tesi},
mendeley-tags = {bib-tesi},
month = jan,
number = {2},
pages = {153--156},
title = {{Synthesis of polyfluoroaromatic magnesium compounds through the exchange reaction}},
url = {http://www.sciencedirect.com/science/article/pii/S0022328X00847646 http://linkinghub.elsevier.com/retrieve/pii/S0022328X00847646},
volume = {26},
year = {1971}
}
@article{Tang1986,
author = {Tang, C. W.},
doi = {10.1063/1.96937},
file = {:home/ilario/Desktop/tesi5-2/articoli/bilayer1986.pdf:pdf},
issn = {00036951},
journal = {Applied Physics Letters},
keywords = {bib-tesi,pv},
mendeley-tags = {bib-tesi,pv},
number = {2},
pages = {183},
title = {{Two-layer organic photovoltaic cell}},
url = {http://link.aip.org/link/APPLAB/v48/i2/p183/s1\&Agg=doi},
volume = {48},
year = {1986}
}
@article{Theander1999,
author = {Theander, Mathias and Ingan\"{a}s, Olle and Mammo, Wendimagen and Olinga, Thomas and Svensson, Mattias and Andersson, Mats R.},
doi = {10.1021/jp983684u},
file = {:home/ilario/Desktop/tesi5-2/articoli/luminescenza-sostituenti.pdf:pdf},
issn = {1520-6106},
journal = {The Journal of Physical Chemistry B},
keywords = {aggregazione,bib-tesi,catena laterale,pt},
mendeley-tags = {aggregazione,bib-tesi,catena laterale,pt},
month = sep,
number = {37},
pages = {7771--7780},
title = {{Photophysics of Substituted Polythiophenes}},
url = {http://pubs.acs.org/doi/abs/10.1021/jp983684u},
volume = {103},
year = {1999}
}
@article{Tkachov2010,
abstract = {A "walking" process of Ni catalysts during Kumada catalyst-transfer polycondensation along polymerizing poly(3-hexylthiophene), P3HT, chains was investigated. To simplify polymer end group identifications, a compound Br-C(6)H(4)-Ni(dppe)-Br was prepared and used as an externally addable initiator. Normally, aryl moieties present in initiators incorporate into the structure of the resulting P3HT as the starting groups. We demonstrate that due to the presence of the C-Br group located in the para-position to the Ni substituent of the initiator, two different polymeric products are formed. One of them is the "normal" product, that is, P3HT with a para-bromophenyl end group, whereas another one has the phenyl ring inside the P3HT chain. The content of the product with the internal phenyl ring increases with the increase of the polymerization degree. Control experiments demonstrated that no intermolecular catalyst transfer takes place in the conditions used. Such results suggest that catalytic Ni(0) species are able to walk along the polymerizing chain containing many tens of thienyl rings up to the opposite end and can initiate polymerization there. Numerical analysis of a random hopping model was undertaken, which revealed that a combination of a random catalyst walking along the chain and a "sticking effect" at the end groups is operative in Kumada catalyst-transfer polycondensation.},
author = {Tkachov, Roman and Senkovskyy, Volodymyr and Komber, Hartmut and Sommer, Jens-Uwe and Kiriy, Anton},
doi = {10.1021/ja102210r},
file = {:home/ilario/Desktop/tesi5-2/articoli/polimerizzazione/random walking.pdf:pdf},
issn = {1520-5126},
journal = {Journal of the American Chemical Society},
keywords = {bib-tesi,living,p,pt},
mendeley-tags = {bib-tesi,living,p,pt},
month = jun,
number = {22},
pages = {7803--10},
pmid = {20465260},
title = {{Random catalyst walking along polymerized poly(3-hexylthiophene) chains in Kumada catalyst-transfer polycondensation.}},
url = {http://www.ncbi.nlm.nih.gov/pubmed/20465260},
volume = {132},
year = {2010}
}
@article{Topham2011,
author = {Topham, P. D. and Parnell, A. J. and Hiorns, Roger C.},
doi = {10.1002/polb.22302},
file = {:home/ilario/.local/share/data/Mendeley Ltd./Mendeley Desktop/Downloaded/Topham, Parnell, Hiorns - 2011 - Block copolymer strategies for solar cell technology.pdf:pdf},
issn = {08876266},
journal = {Journal of Polymer Science Part B: Polymer Physics},
keywords = {bib-tesi,block,block copolymers,introduction the drive to,is of,nanotechnology,on fossil fuels,organic photo-,photophysics,pv,remove mankind,review,s dependence,self-assembly,solar cells,supplies,voltaics,while maintaining stable energy},
mendeley-tags = {bib-tesi,block,pv,review},
month = jun,
pages = {1131--1156},
publisher = {Wiley Online Library},
title = {{Block copolymer strategies for solar cell technology}},
url = {http://doi.wiley.com/10.1002/polb.22302 http://onlinelibrary.wiley.com/doi/10.1002/polb.22302/full},
volume = {49},
year = {2011}
}
@article{Urien2008,
author = {Urien, Mathieu and Erothu, Harikrishna and Cloutet, Eric and Hiorns, Roger C. and Vignau, Laurence and Cramail, Henri},
doi = {10.1021/ma800659a},
file = {:home/ilario/.local/share/data/Mendeley Ltd./Mendeley Desktop/Downloaded/Urien et al. - 2008 - Poly(3-hexylthiophene) Based Block Copolymers Prepared by “Click” Chemistry.pdf:pdf},
issn = {0024-9297},
journal = {Macromolecules},
keywords = {bib-tesi,block,click,doc-blocchi,graft onto,living,p,ps,pt},
mendeley-tags = {bib-tesi,block,click,doc-blocchi,graft onto,living,p,ps,pt},
month = oct,
number = {19},
pages = {7033--7040},
title = {{Poly(3-hexylthiophene) Based Block Copolymers Prepared by “Click” Chemistry}},
url = {http://pubs.acs.org/doi/abs/10.1021/ma800659a},
volume = {41},
year = {2008}
}
@article{VanBeek2005,
author = {van Beek, Rick and Jenneskens, Leonardus W. and Zdravkova, Aneliya N. and van der Eerden, Jan P. J. M. and van Walree, Cornelis A.},
doi = {10.1002/macp.200500055},
file = {:home/ilario/Desktop/tesi5-2/articoli/monomero/ossigeno\_complessante.pdf:pdf},
issn = {1022-1352},
journal = {Macromolecular Chemistry and Physics},
keywords = {afm,atomic force microscopy,bib-tesi,catena laterale,conducting polymers,excitation energy transfer,inorganic semiconductors,monomeri,pt ch2o,pt ossigeno},
mendeley-tags = {bib-tesi,catena laterale,monomeri,pt ch2o,pt ossigeno},
month = may,
number = {10},
pages = {1006--1014},
title = {{Polythiophenes Containing Oligo(oxyethylene) Side Chains as a Thin Film on a ZnSe Single Crystal Surface}},
url = {http://doi.wiley.com/10.1002/macp.200500055},
volume = {206},
year = {2005}
}
@article{VandenBergh2010,
author = {{Van den Bergh}, Karlien and Cosemans, Inge and Verbiest, Thierry and Koeckelberghs, Guy},
doi = {10.1021/ma100266b},
file = {:home/ilario/.local/share/data/Mendeley Ltd./Mendeley Desktop/Downloaded/Van den Bergh et al. - 2010 - Expression of Supramolecular Chirality in Block Copoly(thiophene)s.pdf:pdf},
issn = {0024-9297},
journal = {Macromolecules},
keywords = {bib-tesi,block,chirale,doc-blocchi,living,p,pt,pt ossigeno},
mendeley-tags = {bib-tesi,block,chirale,doc-blocchi,living,p,pt,pt ossigeno},
month = apr,
number = {8},
pages = {3794--3800},
publisher = {ACS Publications},
title = {{Expression of Supramolecular Chirality in Block Copoly(thiophene)s}},
url = {http://pubs.acs.org/doi/abs/10.1021/ma100266b},
volume = {43},
year = {2010}
}
@article{VandenBergh2008,
author = {{Van den Bergh}, Karlien and Huybrechts, Jurgen and Verbiest, Thierry and Koeckelberghs, Guy},
doi = {10.1002/chem.200801537},
file = {:home/ilario/Desktop/tesi5-2/articoli/chirale/pt blocco chirale blocco achirale.pdf:pdf},
issn = {0947-6539},
journal = {Chemistry - A European Journal},
keywords = {Circular Dichroism,Electrons,Polymers,Polymers: chemistry,Spectrophotometry,Stereoisomerism,Thiophenes,Thiophenes: chemistry,Ultraviolet,aggregazione,bib-tesi,block,pt},
mendeley-tags = {aggregazione,bib-tesi,block,pt},
month = jan,
number = {30},
pages = {9122--5},
pmid = {18792026},
title = {{Transfer of supramolecular chirality in block copoly(thiophene)s.}},
url = {http://www.ncbi.nlm.nih.gov/pubmed/18792026},
volume = {14},
year = {2008}
}
@article{Verswyvel2013,
abstract = {This report describes the synthesis and characterization of amphiphilic block-copoly(3-alkylthiophene)s with one hydrophobic and one hydrophilic block. Implementation of a chiral center in one of the two blocks enables a chiroptical evaluation of the materials in different media. Depending on the solvent conditions\{,\} phase-separation and selective aggregation of one of both blocks becomes feasible\{,\} which has implications on the aggregation behavior of the second block. The presented chiroptical and thermal study provides an insight into the self-assembly of these materials both in solution and in film.},
author = {Verswyvel, Michiel and Goossens, Karel and Koeckelberghs, Guy},
doi = {10.1039/c3py00133d},
file = {:home/ilario/Desktop/tesi5-2/articoli/chirale/block-tiofene-tiofene-chirale.pdf:pdf},
issn = {1759-9954},
journal = {Polymer Chemistry},
keywords = {bib-tesi,block,chirale,pt,pt ossigeno},
mendeley-tags = {bib-tesi,block,chirale,pt,pt ossigeno},
title = {{Amphiphilic chiral block-poly(thiophene)s: tuning the blocks}},
url = {http://xlink.rsc.org/?DOI=c3py00133d http://pubs.rsc.org/en/content/articlelanding/2013/py/c3py00133d},
year = {2013}
}
@article{Verswyvel2011,
author = {Verswyvel, Michiel and Monnaie, Frederic and Koeckelberghs, Guy},
doi = {10.1021/ma2021503},
file = {:home/ilario/Desktop/tesi5-2/articoli/chirale/blocchi pt chirali.pdf:pdf},
issn = {0024-9297},
journal = {Macromolecules},
keywords = {bib-tesi,chirale,graft from,p,pt,regioregolarita},
mendeley-tags = {bib-tesi,chirale,graft from,p,pt,regioregolarita},
month = dec,
number = {24},
pages = {9489--9498},
title = {{AB Block Copoly(3-alkylthiophenes): Synthesis and Chiroptical Behavior}},
url = {http://pubs.acs.org/doi/abs/10.1021/ma2021503},
volume = {44},
year = {2011}
}
@article{Whitmore1985,
author = {Whitmore, Mark Douglas and Noolandi, Jaan},
doi = {10.1021/ma00154a024},
file = {:home/ilario/Desktop/tesi5-2/articoli/polidispersita-block-teoria2.pdf:pdf},
issn = {0024-9297},
journal = {Macromolecules},
keywords = {bib-tesi,block},
mendeley-tags = {bib-tesi,block},
month = dec,
number = {12},
pages = {2486--2497},
title = {{Theory of phase equilibria in block copolymer-homopolymer blends}},
url = {http://pubs.acs.org/doi/abs/10.1021/ma00154a024},
volume = {18},
year = {1985}
}
@article{Wiles2006,
author = {Wiles, Charlotte and Watts, Paul and Haswell, Stephen J.},
doi = {10.1016/j.tetlet.2006.05.157},
file = {:home/ilario/Desktop/tesi5-2/articoli/reazioni/tipno-riduzione.pdf:pdf},
issn = {00404039},
journal = {Tetrahedron Letters},
keywords = {- see front matter,0040-4039,05,10,1016,157,2006,ac,all rights reserved,bib-tesi,continuous flow,corresponding author,doi,e-mail,hull,j,jones,oxidation,p,reagent,selectivity,tetlet,uk,watts,\'{o} 2006 elsevier ltd},
mendeley-tags = {bib-tesi},
month = jul,
number = {30},
pages = {5261--5264},
title = {{Clean and selective oxidation of aromatic alcohols using silica-supported Jones’ reagent in a pressure-driven flow reactor}},
url = {http://linkinghub.elsevier.com/retrieve/pii/S0040403906010963},
volume = {47},
year = {2006}
}
@article{Winokur1989,
author = {Winokur, M. J. and Spiegel, D. and Kim, Y. and Hotta, S. and Heeger, A. J.},
doi = {10.1016/0379-6779(89)90554-7},
file = {:home/ilario/Desktop/tesi5-2/articoli/xrd e ir 1989.pdf:pdf},
issn = {03796779},
journal = {Synthetic Metals},
keywords = {bib-tesi,pt,xrd},
mendeley-tags = {bib-tesi,pt,xrd},
month = jan,
number = {1-2},
pages = {419--426},
title = {{Structural and absorption studies of the thermochromic transition in poly(3-hexylthiophene)}},
url = {http://www.sciencedirect.com/science/article/pii/0379677989905547 http://linkinghub.elsevier.com/retrieve/pii/0379677989905547},
volume = {28},
year = {1989}
}
@article{Wong2012,
author = {Wong, Michael and Hollinger, Jon and Kozycz, Lisa M. and McCormick, Theresa M. and Lu, Yijie and Burns, Darcy C. and Seferos, Dwight S.},
doi = {10.1021/mz300333f},
file = {:home/ilario/Desktop/tesi5-2/articoli/SEC.pdf:pdf},
issn = {2161-1653},
journal = {ACS Macro Letters},
keywords = {bib-tesi},
mendeley-tags = {bib-tesi},
month = nov,
number = {11},
pages = {1266--1269},
title = {{An Apparent Size-Exclusion Quantification Limit Reveals a Molecular Weight Limit in the Synthesis of Externally Initiated Polythiophenes}},
url = {http://pubs.acs.org/doi/abs/10.1021/mz300333f},
volume = {1},
year = {2012}
}
@article{Wu2010,
author = {Wu, Shupeng and Sun, Yuequan and Huang, Li and Wang, Jianwei and Zhou, Yihan and Geng, Yanhou and Wang, Fosong},
doi = {10.1021/ma100537d},
file = {:home/ilario/Desktop/tesi5-2/articoli/kctp-altri.pdf:pdf},
issn = {0024-9297},
journal = {Macromolecules},
keywords = {bib-tesi,living},
mendeley-tags = {bib-tesi,living},
month = may,
number = {10},
pages = {4438--4440},
title = {{Grignard Metathesis Chain-Growth Polymerization for Poly(bithienylmethylene)s: Ni Catalyst Can Transfer across the Nonconjugated Monomer}},
url = {http://pubs.acs.org/doi/abs/10.1021/ma100537d},
volume = {43},
year = {2010}
}
@article{Xu1993,
author = {Xu, Bai and Holdcroft, Steven},
doi = {10.1021/ma00069a009},
file = {:home/ilario/Desktop/tesi5-2/articoli/luminescenza-p3ht.pdf:pdf},
isbn = {0024929719},
issn = {0024-9297},
journal = {Macromolecules},
keywords = {aggregazione,bib-tesi,pt,regioregolarita},
mendeley-tags = {aggregazione,bib-tesi,pt,regioregolarita},
month = aug,
number = {17},
pages = {4457--4460},
title = {{Molecular control of luminescence from poly(3-hexylthiophenes)}},
url = {http://pubs.acs.org/doi/pdf/10.1021/ma00069a009 http://pubs.acs.org/doi/abs/10.1021/ma00069a009},
volume = {26},
year = {1993}
}
@article{Yokoyama2008,
author = {Yokoyama, Akihiro and Kato, Akira and Miyakoshi, Ryo and Yokozawa, Tsutomu},
doi = {10.1021/ma8017124},
file = {:home/ilario/Desktop/tesi5-2/articoli/living-pirrolo.pdf:pdf},
issn = {0024-9297},
journal = {Macromolecules},
keywords = {bib-tesi,living},
mendeley-tags = {bib-tesi,living},
month = oct,
number = {20},
pages = {7271--7273},
title = {{Precision Synthesis of Poly(N-hexylpyrrole) and Its Diblock Copolymer with Poly(p-phenylene) via Catalyst-Transfer Polycondensation}},
url = {http://pubs.acs.org/doi/pdf/10.1021/ma8017124 http://pubs.acs.org/doi/abs/10.1021/ma8017124},
volume = {41},
year = {2008}
}
@article{Yokoyama2004,
author = {Yokoyama, Akihiro and Miyakoshi, Ryo and Yokozawa, Tsutomu},
doi = {10.1021/ma035396o},
file = {:home/ilario/Desktop/tesi5-2/articoli/polimerizzazione/communication living.pdf:pdf},
issn = {0024-9297},
journal = {Macromolecules},
keywords = {bib-tesi,living,p,pt},
mendeley-tags = {bib-tesi,living,p,pt},
month = feb,
number = {4},
pages = {1169--1171},
title = {{Chain-Growth Polymerization for Poly(3-hexylthiophene) with a Defined Molecular Weight and a Low Polydispersity}},
url = {http://pubs.acs.org/doi/abs/10.1021/ma035396o},
volume = {37},
year = {2004}
}
@article{Yokozawa2008,
author = {Yokozawa, Tsutomu and Adachi, Isao and Miyakoshi, Ryo and Yokoyama, Akihiro},
doi = {10.1177/0954008307081212},
file = {:home/ilario/Desktop/tesi5-2/articoli/polimerizzazione/ossigeno-dppe2007.pdf:pdf},
issn = {0954-0083},
journal = {High Performance Polymers},
keywords = {bib-tesi,living,pt,pt ch2o,pt ossigeno},
mendeley-tags = {bib-tesi,living,pt,pt ch2o,pt ossigeno},
month = apr,
number = {5-6},
pages = {684--699},
title = {{Catalyst-Transfer Condensation Polymerization for the Synthesis of Well-Defined Polythiophene with Hydrophilic Side Chain and of Diblock Copolythiophene with Hydrophilic and Hydrophobic Side Chains}},
url = {http://hip.sagepub.com/cgi/doi/10.1177/0954008307081212},
volume = {19},
year = {2008}
}
@article{Yu1995,
author = {Yu, G. and Gao, J. and Hummelen, J. C. and Wudl, Fred and Heeger, A. J.},
doi = {10.1126/science.270.5243.1789},
file = {:home/ilario/Desktop/tesi5-2/articoli/nature1995.pdf:pdf},
issn = {0036-8075},
journal = {Science},
keywords = {bib-tesi,pv},
mendeley-tags = {bib-tesi,pv},
month = dec,
number = {5243},
pages = {1789--1791},
title = {{Polymer Photovoltaic Cells: Enhanced Efficiencies via a Network of Internal Donor-Acceptor Heterojunctions}},
url = {http://www.sciencemag.org/cgi/doi/10.1126/science.270.5243.1789},
volume = {270},
year = {1995}
}
@article{Zahn2002,
author = {Zahn, S and Swager, Timothy M.},
doi = {10.1002/1521-3757(20021115)114:22<4399::AID-ANGE4399>3.0.CO;2-C},
file = {:home/ilario/Desktop/tesi5-2/articoli/aggregazione-chirale.pdf:pdf},
journal = {Angewandte Chemie},
keywords = {aggregazione,bib-tesi,chirale},
mendeley-tags = {aggregazione,bib-tesi,chirale},
number = {22},
pages = {4399--4404},
title = {{Three-Dimensional Electronic Delocalization in Chiral Conjugated Polymers}},
url = {http://onlinelibrary.wiley.com/doi/10.1002/1521-3757\%2820021115\%29114:22\%3C4399::AID-ANGE4399\%3E3.0.CO;2-C/abstract},
year = {2002}
}
@article{Zakharkin1964,
author = {Zakharkin, L. I. and Okhlobystin, O. Yu. and Bilevitch, K. A.},
doi = {10.1016/S0022-328X(00)82216-0},
file = {:home/ilario/Desktop/tesi5-2/articoli/reazioni/grignard/grim1964.pdf:pdf},
issn = {0022328X},
journal = {Journal of Organometallic Chemistry},
keywords = {bib-tesi},
mendeley-tags = {bib-tesi},
month = oct,
number = {4},
pages = {309--313},
title = {{Effect of solvents on reactions of organometallic compounds}},
url = {http://www.sciencedirect.com/science/article/pii/S0022328X00822160 http://linkinghub.elsevier.com/retrieve/pii/S0022328X00822160},
volume = {2},
year = {1964}
}
@article{Zenkina2008,
abstract = {Activation of a strong aryl-Br bond of a halogenated vinylarene by nickel(0) is demonstrated in the presence of aryl-I containing substrates. eta2-Coordination of Ni(PEt3)2 to the C=C moiety of halogenated vinylarenes is kinetically preferable and is followed by an intramolecular aryl-halide bond activation process. This "ring-walking" process is quantitative and proceeds under mild reaction conditions in solution. Mechanistic studies indicate that the metal insertion into the aryl-halide bond is not the rate-determining step. The reaction obeys first-order kinetics in the eta2-coordination complexes with almost identical activation parameters for Br and I derivatives. The ring-walking process is kinetically accessible as shown by density functional theory (DFT) calculations at the PBE0/SDB-cc-pVDZ//PBE0/SDD level of theory.},
author = {Zenkina, Olena V. and Karton, Amir and Freeman, Dalia and Shimon, Linda J. W. and Martin, Jan M. L. and van der Boom, Milko E.},
doi = {10.1021/ic702289n},
file = {:home/ilario/Desktop/tesi5-2/articoli/nickel-coordination.pdf:pdf},
issn = {0020-1669},
journal = {Inorganic chemistry},
keywords = {bib-tesi,living,ni},
mendeley-tags = {bib-tesi,living,ni},
month = jun,
number = {12},
pages = {5114--21},
pmid = {18484721},
title = {{Directing aryl-I versus Aryl-Br bond activation by nickel via a ring walking process.}},
url = {http://www.ncbi.nlm.nih.gov/pubmed/18484721},
volume = {47},
year = {2008}
}
@article{Zhang2009,
author = {Zhang, Qingling and Cirpan, Ali and Russell, Thomas P. and Emrick, Todd},
doi = {10.1021/ma801504e},
file = {:home/ilario/Desktop/tesi5-2/articoli/blocchi/vinile nmrp.pdf:pdf},
issn = {0024-9297},
journal = {Macromolecules},
keywords = {bib-tesi,block,graft from,nmrp,p},
mendeley-tags = {bib-tesi,block,graft from,nmrp,p},
month = feb,
number = {4},
pages = {1079--1082},
title = {{Donor-Acceptor Poly(thiophene- block-perylene diimide) Copolymers: Synthesis and Solar Cell Fabrication}},
url = {http://pubs.acs.org/doi/abs/10.1021/ma801504e},
volume = {42},
year = {2009}
}
@article{Zhang2011,
author = {Zhang, Weifeng and Ng, Ging Meng and Tam, Hoi Lam and Wong, Man Shing and Zhu, Furong},
doi = {10.1002/pola.24613},
file = {:home/ilario/Desktop/tesi5-2/articoli/reazioni/suzuki1.pdf:pdf},
issn = {0887624X},
journal = {Journal of Polymer Science Part A: Polymer Chemistry},
keywords = {attention from both aca-,bib-tesi,cells,dendrimers,dicyanovinyl,donor material,func-,have recently received considerable,introduction bulk heterojunction photovoltaic,organic solar cell,pv,tional oligothiophenes},
mendeley-tags = {bib-tesi},
month = apr,
number = {8},
pages = {1865--1873},
title = {{Synthesis and photovoltaic properties of functional dendritic oligothiophenes}},
url = {http://onlinelibrary.wiley.com/doi/10.1002/pola.24613/full http://doi.wiley.com/10.1002/pola.24613},
volume = {49},
year = {2011}
}
@article{Zoombelt2009,
author = {Zoombelt, A. P. and Leenen, M. A. M. and Fonrodona, Marta and Nicolas, Yohann and Wienk, Martijn M. and Janssen, Ren\'{e} A. J.},
doi = {10.1016/j.polymer.2009.07.028},
file = {:home/ilario/.local/share/data/Mendeley Ltd./Mendeley Desktop/Downloaded/Zoombelt et al. - 2009 - The influence of side chains on solubility and photovoltaic performance of dithiophene-thienopyrazine small ban.pdf:pdf},
issn = {00323861},
journal = {Polymer},
keywords = {bib-tesi,catena laterale,pt ch2o,pt ossigeno},
mendeley-tags = {bib-tesi,catena laterale,pt ch2o,pt ossigeno},
month = sep,
number = {19},
pages = {4564--4570},
publisher = {Elsevier},
title = {{The influence of side chains on solubility and photovoltaic performance of dithiophene-thienopyrazine small band gap copolymers}},
url = {http://linkinghub.elsevier.com/retrieve/pii/S0032386109006260 http://www.sciencedirect.com/science/article/pii/S0032386109006260},
volume = {50},
year = {2009}
}
@article{Zoombelt2008,
author = {Zoombelt, A. P. and Leenen, M. A. M. and Fonrodona, Marta and Wienk, Martijn M. and Janssen, Ren\'{e} A. J.},
doi = {10.1016/j.tsf.2007.12.054},
file = {:home/ilario/.local/share/data/Mendeley Ltd./Mendeley Desktop/Downloaded/Zoombelt et al. - 2008 - The synthesis and photovoltaic performance of regioregular poly 3-(n-butoxymethyl) thiophene.pdf:pdf},
issn = {00406090},
journal = {Thin Solid Films},
keywords = {bib-tesi,conducting polymers,fullerenes,living,merda,p,polymer solar cells,polythiophene,pt,pt ch2o,pt ossigeno,pv,regioregolarita},
mendeley-tags = {bib-tesi,living,merda,p,pt,pt ch2o,pt ossigeno,pv,regioregolarita},
month = aug,
number = {20},
pages = {7176--7180},
publisher = {Elsevier},
title = {{The synthesis and photovoltaic performance of regioregular poly [3-(n-butoxymethyl) thiophene]}},
url = {http://linkinghub.elsevier.com/retrieve/pii/S0040609007019992 http://www.sciencedirect.com/science/article/pii/S0040609007019992},
volume = {516},
year = {2008}
}
